<?xml version="1.0" encoding="ISO-8859-1" standalone="yes"?>
<auditfile xmlns:xsi="http://www.w3.org/2001/XMLSchema-instance" xmlns="http://www.auditfiles.nl/XAF/3.2" xsi:schemaLocation="XmlAuditfileFinancieel3.2.xsd">
<header>
<fiscalYear>2017</fiscalYear>
<startDate>2017-01-01</startDate>
<endDate>2017-12-31</endDate>
<curCode>EUR</curCode>
<dateCreated>2017-05-08</dateCreated>
<softwareDesc>Unit4 Multivers</softwareDesc>
<softwareVersion>10.9.2658.33026</softwareVersion></header>
<company>
<companyIdent>MVL00003</companyIdent>
<companyName>Demonstratiebedrijf Homegarden</companyName>
<taxRegistrationCountry>NL</taxRegistrationCountry>
<taxRegIdent>004532016</taxRegIdent>
<streetAddress>
<streetname/>
<city/>
<postalCode/>
<country>NL</country></streetAddress>
<customersSuppliers>
<customerSupplier>
<custSupID>D1001</custSupID>
<custSupName>Van Bekkerem B.V.</custSupName>
<contact>de heer J.A.M. van Bekkerem</contact>
<telephone>078-6230230</telephone>
<fax>078-6230231</fax>
<eMail>info@bekkerem.nl</eMail>
<website>www.bekkerem.nl</website>
<taxRegistrationCountry>NL</taxRegistrationCountry>
<streetAddress>
<streetname>Lorenzkade 39</streetname>
<city>DORDRECHT</city>
<postalCode>2369 WE</postalCode></streetAddress>
<bankAccount>
<bankAccNr>0343022443</bankAccNr>
<bankIdCd>DORDRECHT</bankIdCd></bankAccount></customerSupplier>
<customerSupplier>
<custSupID>D1002</custSupID>
<custSupName>Fa. Brokma Blokhutten v/h Gebr. Brokma</custSupName>
<contact>Mevr. M. van der Laan</contact>
<telephone>071-8950501</telephone>
<fax>071-8936925</fax>
<eMail>info@brokma-transport.nl</eMail>
<website>www.brokma-transport.nl</website>
<taxRegistrationCountry>NL</taxRegistrationCountry>
<streetAddress>
<streetname>Frederik Hendrikplantsoen 23</streetname>
<city>LEIDEN</city>
<postalCode>2346 GF</postalCode></streetAddress>
<bankAccount>
<bankAccNr>102028</bankAccNr>
<bankIdCd>LEIDEN</bankIdCd></bankAccount></customerSupplier>
<customerSupplier>
<custSupID>D1003</custSupID>
<custSupName>Van Haaften International B.V.</custSupName>
<contact>Hr. B.R. van Haaften sr</contact>
<telephone>055-2225553</telephone>
<fax>055-2229346</fax>
<eMail>marketing@vanhaaften.com</eMail>
<website>www.vanhaaften.com</website>
<taxRegistrationCountry>NL</taxRegistrationCountry>
<streetAddress>
<streetname>Postbus 123</streetname>
<city>HILVERSUM</city>
<postalCode>5600 AJ</postalCode></streetAddress>
<bankAccount>
<bankAccNr>0159202078</bankAccNr>
<bankIdCd>HILVERSUM</bankIdCd></bankAccount></customerSupplier>
<customerSupplier>
<custSupID>D1004</custSupID>
<custSupName>Garden Impressions Beverly</custSupName>
<contact>Mr. Dave McFarland</contact>
<telephone>0932-45667564</telephone>
<fax>0932-45667555</fax>
<streetAddress>
<streetname>345 New Upshurstreet</streetname>
<city>ARLINGTON</city>
<postalCode>22121</postalCode>
<country>US</country></streetAddress>
<bankAccount>
<bankAccNr>0123456789</bankAccNr>
<bankIdCd>ARLINGTON</bankIdCd></bankAccount></customerSupplier>
<customerSupplier>
<custSupID>D1005</custSupID>
<custSupName>Gartencenter Löwenbrau</custSupName>
<contact>Herr Jozef von Weitzecker</contact>
<telephone>0928-234987987</telephone>
<fax>0928-234987222</fax>
<taxRegistrationCountry>DE</taxRegistrationCountry>
<streetAddress>
<streetname>Dortmunderstrasse 20-40</streetname>
<city>KARLSRUHE</city>
<postalCode>245583</postalCode>
<country>DE</country></streetAddress>
<bankAccount>
<bankAccNr>1643124111</bankAccNr>
<bankIdCd>KARLSRUHE</bankIdCd></bankAccount></customerSupplier>
<customerSupplier>
<custSupID>D1006</custSupID>
<custSupName>Tuinwereld Van Schaik B.V.</custSupName>
<contact>Mevrouw C.Van Schaik</contact>
<telephone>0180-4343792</telephone>
<fax>0180-4645787</fax>
<taxRegistrationCountry>NL</taxRegistrationCountry>
<streetAddress>
<streetname>Schans 87</streetname>
<city>DEN OSSE</city>
<postalCode>3765 GF</postalCode></streetAddress>
<bankAccount>
<bankAccNr>415779464</bankAccNr>
<bankIdCd>DEN OSSE</bankIdCd></bankAccount></customerSupplier>
<customerSupplier>
<custSupID>D1007</custSupID>
<custSupName>Van Dongen Interieurbeplanting</custSupName>
<contact>Dhr. H. van Dongen</contact>
<telephone>0252-567492</telephone>
<taxRegistrationCountry>NL</taxRegistrationCountry>
<streetAddress>
<streetname>Nassaukade 14</streetname>
<city>VOORHOUT</city>
<postalCode>2215 AD</postalCode></streetAddress>
<bankAccount>
<bankAccNr>1212444</bankAccNr>
<bankIdCd>VOORHOUT</bankIdCd></bankAccount></customerSupplier>
<customerSupplier>
<custSupID>D1008</custSupID>
<custSupName>Hoveniersbedrijf Knol B.V.</custSupName>
<taxRegistrationCountry>NL</taxRegistrationCountry>
<streetAddress>
<streetname>Vriesestraat 102</streetname>
<city>DORDRECHT</city>
<postalCode>3399 AB</postalCode></streetAddress>
<bankAccount>
<bankAccNr>0123456789</bankAccNr>
<bankIdCd>DORDRECHT</bankIdCd></bankAccount></customerSupplier>
<customerSupplier>
<custSupID>D1009</custSupID>
<custSupName>MELBICKS Garden &amp; Leisure</custSupName>
<contact>John Wright</contact>
<telephone>0121 7822683</telephone>
<eMail>info@melbicks.h-p.co.uk</eMail>
<website>http://www.h-p.co.uk/static/store-finder-melbicks.html</website>
<taxRegistrationCountry>GB</taxRegistrationCountry>
<streetAddress>
<streetname>55, Chester Road, Coleshill</streetname>
<city>WARWICKSHIRE</city>
<postalCode>B46 3HX</postalCode>
<country>GB</country></streetAddress>
<bankAccount>
<bankAccNr>60161331926819</bankAccNr>
<bankIdCd>WARWICKSHIRE</bankIdCd></bankAccount></customerSupplier>
<customerSupplier>
<custSupID>D1010</custSupID>
<custSupName>Van Onna Groenvoorziening B.V.</custSupName>
<contact>Hr. G.A. van Onna</contact>
<telephone>078-2302894</telephone>
<fax>078-2302914</fax>
<taxRegistrationCountry>NL</taxRegistrationCountry>
<streetAddress>
<streetname>Parkkade 139</streetname>
<city>DORDRECHT</city>
<postalCode>2336 HE</postalCode></streetAddress>
<bankAccount>
<bankAccNr>0415779464</bankAccNr>
<bankIdCd>DORDRECHT</bankIdCd></bankAccount></customerSupplier>
<customerSupplier>
<custSupID>D1011</custSupID>
<custSupName>Tuincentrum 'Amsterdam'</custSupName>
<contact>Hr. N. Baaijens</contact>
<telephone>020-6646651</telephone>
<fax>020-7960063</fax>
<taxRegistrationCountry>NL</taxRegistrationCountry>
<streetAddress>
<streetname>Van Eeghenstraat 84</streetname>
<city>AMSTERDAM</city>
<postalCode>1071 GK</postalCode></streetAddress></customerSupplier>
<customerSupplier>
<custSupID>D1012</custSupID>
<custSupName>Gemeente IJsselstein</custSupName>
<contact>Dhr. de Jong</contact>
<telephone>0340-563792</telephone>
<taxRegistrationCountry>NL</taxRegistrationCountry>
<streetAddress>
<streetname>Planetenbaan 2</streetname>
<city>IJSSELSTEIN</city>
<postalCode>3402 GE</postalCode></streetAddress>
<bankAccount>
<bankAccNr>6543210</bankAccNr>
<bankIdCd>IJSSELSTEIN</bankIdCd></bankAccount></customerSupplier>
<customerSupplier>
<custSupID>D1013</custSupID>
<custSupName>Inkoopcombinatie CO-OP</custSupName>
<taxRegistrationCountry>NL</taxRegistrationCountry>
<streetAddress>
<streetname>Industrieweg 34</streetname>
<city>ASPEREN</city>
<postalCode>4215 DE</postalCode></streetAddress>
<bankAccount>
<bankAccNr>43210</bankAccNr>
<bankIdCd>ASPEREN</bankIdCd></bankAccount></customerSupplier>
<customerSupplier>
<custSupID>D1014</custSupID>
<custSupName>Steenplaza F. de Vries</custSupName>
<contact>De heer J. de Vries</contact>
<telephone>020-3561800</telephone>
<fax>020-3561801</fax>
<eMail>devries@devries-handelswaren.com</eMail>
<website>www.devries-handelswaren.com</website>
<taxRegistrationCountry>NL</taxRegistrationCountry>
<streetAddress>
<streetname>Herengracht 58</streetname>
<city>AMSTERDAM</city>
<postalCode>1022 AC</postalCode></streetAddress>
<bankAccount>
<bankAccNr>0105995207</bankAccNr>
<bankIdCd>AMSTERDAM</bankIdCd></bankAccount></customerSupplier>
<customerSupplier>
<custSupID>D1015</custSupID>
<custSupName>Vijver- en Tuincentrum Pelckmans</custSupName>
<contact>Dhr. H. de Smedt</contact>
<telephone>03/2324022</telephone>
<fax>03/2323823</fax>
<taxRegistrationCountry>BE</taxRegistrationCountry>
<streetAddress>
<streetname>Rijselstraat 247</streetname>
<city>BRUGGE</city>
<postalCode>8200</postalCode>
<country>BE</country></streetAddress>
<bankAccount>
<bankAccNr>035-1649686-48</bankAccNr>
<bankIdCd>BRUGGE</bankIdCd></bankAccount></customerSupplier>
<customerSupplier>
<custSupID>D9999</custSupID>
<custSupName>Directe verkoop geen klant</custSupName>
<streetAddress>
<streetname/>
<city>ALPHEN AAN DEN RIJN</city>
<postalCode/></streetAddress></customerSupplier>
<customerSupplier>
<custSupID>C7001</custSupID>
<custSupName>Cornel's Tuinartikelen</custSupName>
<contact>Hr. A.B. de Witte</contact>
<telephone>0657-674892</telephone>
<fax>0657-639010</fax>
<eMail>info@cornels.nl</eMail>
<website>www.cornels.nl</website>
<taxRegistrationCountry>NL</taxRegistrationCountry>
<streetAddress>
<streetname>Parkkade 45</streetname>
<city>DOETINCHEM</city>
<postalCode>6578 FB</postalCode></streetAddress>
<bankAccount>
<bankAccNr>0415779456</bankAccNr>
<bankIdCd>DOETINCHEM</bankIdCd></bankAccount></customerSupplier>
<customerSupplier>
<custSupID>C7002</custSupID>
<custSupName>Firma Jansen en de Witte Marketing</custSupName>
<contact>Mej. J. Hoefnagels</contact>
<telephone>020-2462463</telephone>
<fax>020-2462777</fax>
<eMail>sales@jansen.nl</eMail>
<website>www.jansen.nl</website>
<taxRegistrationCountry>NL</taxRegistrationCountry>
<streetAddress>
<streetname>De Ruyterkade 201</streetname>
<city>AMSTERDAM</city>
<postalCode>2023 VB</postalCode></streetAddress>
<bankAccount>
<bankAccNr>325582564</bankAccNr>
<bankIdCd>AMSTERDAM</bankIdCd></bankAccount></customerSupplier>
<customerSupplier>
<custSupID>C7003</custSupID>
<custSupName>Von Lee Gartenhäuser GmbH</custSupName>
<contact>Herr Gerhart von Lee</contact>
<telephone>0928-345345345</telephone>
<fax>0928-345345355</fax>
<taxRegistrationCountry>DE</taxRegistrationCountry>
<streetAddress>
<streetname>Marktplatz 234</streetname>
<city>MUENCHEN</city>
<postalCode>78654</postalCode>
<country>DE</country></streetAddress>
<bankAccount>
<bankAccNr>1643124111</bankAccNr>
<bankIdCd>MUENCHEN</bankIdCd></bankAccount></customerSupplier>
<customerSupplier>
<custSupID>C7004</custSupID>
<custSupName>Merit Garden Products Ltd</custSupName>
<contact>Simon Whitlock</contact>
<telephone>01359 271363</telephone>
<eMail>info@meritgardenprods.co.uk</eMail>
<website>http://www.meritgardenprods.co.uk</website>
<taxRegistrationCountry>GB</taxRegistrationCountry>
<streetAddress>
<streetname>75, Church Rd, Bury St Edmunds</streetname>
<city>SUFFOLK</city>
<postalCode>IP31 3RG</postalCode>
<country>GB</country></streetAddress>
<bankAccount>
<bankAccNr>60161331926819</bankAccNr>
<bankIdCd>SUFFOLK</bankIdCd></bankAccount></customerSupplier>
<customerSupplier>
<custSupID>C7005</custSupID>
<custSupName>L. de Lange Aardewerk</custSupName>
<contact>De Heer L. de Lange</contact>
<telephone>0123-657839</telephone>
<fax>0123-638910</fax>
<eMail>info@delangeveenendaal.nl</eMail>
<website>www.delangeveenendaal.nl</website>
<taxRegistrationCountry>NL</taxRegistrationCountry>
<streetAddress>
<streetname>Edisonweg 45</streetname>
<city>VEENENDAAL</city>
<postalCode>3653 AA</postalCode></streetAddress>
<bankAccount>
<bankAccNr>0676510736</bankAccNr>
<bankIdCd>VEENENDAAL</bankIdCd></bankAccount></customerSupplier>
<customerSupplier>
<custSupID>C7006</custSupID>
<custSupName>Gemeentelijk Energiebedrijf</custSupName>
<contact>Mej. J. van Heeren</contact>
<telephone>078-6128128</telephone>
<taxRegistrationCountry>NL</taxRegistrationCountry>
<streetAddress>
<streetname>Energieweg 234</streetname>
<city>DORDRECHT</city>
<postalCode>3245 GH</postalCode></streetAddress>
<bankAccount>
<bankAccNr>0361723881</bankAccNr>
<bankIdCd>DORDRECHT</bankIdCd></bankAccount></customerSupplier>
<customerSupplier>
<custSupID>C7007</custSupID>
<custSupName>Onderhoudsbedrijf S.S.N. Bouw B.V.</custSupName>
<contact>Mej. M. van der Linden</contact>
<telephone>010-2846246</telephone>
<fax>010-2846277</fax>
<taxRegistrationCountry>NL</taxRegistrationCountry>
<streetAddress>
<streetname>Boezemsingel 210-212</streetname>
<city>SCHIEDAM</city>
<postalCode>2023 VB</postalCode></streetAddress>
<bankAccount>
<bankAccNr>0395305632</bankAccNr>
<bankIdCd>SCHIEDAM</bankIdCd></bankAccount>
<bankAccount>
<bankAccNr>0400598698</bankAccNr>
<bankIdCd>SCHIEDAM</bankIdCd></bankAccount></customerSupplier>
<customerSupplier>
<custSupID>C7008</custSupID>
<custSupName>Firma Muller's Kantoorbenodigdheden</custSupName>
<contact>Mej. L. Muller</contact>
<telephone>078-6230899</telephone>
<fax>078-6230885</fax>
<taxRegistrationCountry>NL</taxRegistrationCountry>
<streetAddress>
<streetname>Houtkoperstraat 44</streetname>
<city>ZWIJNDRECHT</city>
<postalCode>3330 HK</postalCode></streetAddress>
<bankAccount>
<bankAccNr>0508680255</bankAccNr>
<bankIdCd>ZWIJNDRECHT</bankIdCd></bankAccount></customerSupplier>
<customerSupplier>
<custSupID>C7009</custSupID>
<custSupName>Vogelaar Elektronica B.V.</custSupName>
<contact>Dhr. R. Vogelaar</contact>
<telephone>0223-647589</telephone>
<fax>0223-651132</fax>
<taxRegistrationCountry>NL</taxRegistrationCountry>
<streetAddress>
<streetname>Groenplaats 42</streetname>
<city>NUMANSDORP</city>
<postalCode>3814 MA</postalCode></streetAddress>
<bankAccount>
<bankAccNr>0129729183</bankAccNr>
<bankIdCd>NUMANSDORP</bankIdCd></bankAccount></customerSupplier>
<customerSupplier>
<custSupID>C7010</custSupID>
<custSupName>McDonall Douglas Co.</custSupName>
<contact>Mr. R. McDonall</contact>
<telephone>00 1 716-634567</telephone>
<streetAddress>
<streetname>Sunset Blvd.</streetname>
<city>LOS ANGELES</city>
<postalCode>123123</postalCode>
<country>US</country></streetAddress>
<bankAccount>
<bankAccNr>CHA044000037</bankAccNr></bankAccount></customerSupplier>
<customerSupplier>
<custSupID>C7011</custSupID>
<custSupName>Janssens &amp; Zn B.V. Plantenkwekerij</custSupName>
<contact>Dhr. H.J. Janssen</contact>
<telephone>078-6144568</telephone>
<taxRegistrationCountry>NL</taxRegistrationCountry>
<streetAddress>
<streetname>Achterweg 55</streetname>
<city>ZWIJNDRECHT</city>
<postalCode>3334 CT</postalCode></streetAddress>
<bankAccount>
<bankAccNr>0161045359</bankAccNr>
<bankIdCd>ZWIJNDRECHT</bankIdCd></bankAccount></customerSupplier>
<customerSupplier>
<custSupID>C7012</custSupID>
<custSupName>Unit4 Business Software B.V.</custSupName>
<contact>Dhr. K.P. Klumpers</contact>
<telephone>0184-444444</telephone>
<fax>0184-444445</fax>
<eMail>mkb@unit4.nl</eMail>
<website>www.unit4.nl/mkb</website>
<taxRegistrationCountry>NL</taxRegistrationCountry>
<streetAddress>
<streetname>Postbus 102</streetname>
<city>SLIEDRECHT</city>
<postalCode>3360 AC</postalCode></streetAddress>
<bankAccount>
<bankAccNr>0661262286</bankAccNr>
<bankIdCd>SLIEDRECHT</bankIdCd></bankAccount></customerSupplier>
<customerSupplier>
<custSupID>C7013</custSupID>
<custSupName>Ass.kantoor ""OP GOED GELUK""</custSupName>
<contact>Mevrouw N.O. de Leeuw</contact>
<telephone>0121-758941</telephone>
<fax>0121-758743</fax>
<taxRegistrationCountry>NL</taxRegistrationCountry>
<streetAddress>
<streetname>Verzekeringsweg 13</streetname>
<city>DEDEMSVAART</city>
<postalCode>1313 GH</postalCode></streetAddress>
<bankAccount>
<bankAccNr>0123456789</bankAccNr>
<bankIdCd>DEDEMSVAART</bankIdCd></bankAccount></customerSupplier>
<customerSupplier>
<custSupID>C7014</custSupID>
<custSupName>De Terrafirm B.V.</custSupName>
<contact>Dhr. T. de Jong</contact>
<telephone>0180 123222</telephone>
<fax>0180 123333</fax>
<eMail>info@terrafirm.nl</eMail>
<website>www.terrafirm.nl</website>
<taxRegistrationCountry>NL</taxRegistrationCountry>
<streetAddress>
<streetname>Industriepark 200</streetname>
<city>RIDDERKERK</city>
<postalCode>3362 AA</postalCode></streetAddress>
<bankAccount>
<bankAccNr>0357241088</bankAccNr>
<bankIdCd>RIDDERKERK</bankIdCd></bankAccount></customerSupplier>
<customerSupplier>
<custSupID>C7015</custSupID>
<custSupName>Van Dalen Grond en bestratingen</custSupName>
<streetAddress>
<streetname>Klinkerweg 36-40</streetname>
<city>LOPIK</city>
<postalCode>4445 AQ</postalCode></streetAddress></customerSupplier></customersSuppliers>
<generalLedger>
<ledgerAccount>
<accID>0020</accID>
<accDesc>Bedrijfsgebouwen</accDesc>
<accTp>B</accTp>
<leadReference>BMvaBegVvp</leadReference></ledgerAccount>
<ledgerAccount>
<accID>0025</accID>
<accDesc>Bedrijfsterreinen</accDesc>
<accTp>B</accTp>
<leadReference>BMvaBegVvp</leadReference></ledgerAccount>
<ledgerAccount>
<accID>0030</accID>
<accDesc>Computers en software</accDesc>
<accTp>B</accTp>
<leadReference>BMvaObeVvp</leadReference></ledgerAccount>
<ledgerAccount>
<accID>0035</accID>
<accDesc>Machines en installaties</accDesc>
<accTp>B</accTp>
<leadReference>BMvaObeVvp</leadReference></ledgerAccount>
<ledgerAccount>
<accID>0040</accID>
<accDesc>Transportmiddelen</accDesc>
<accTp>B</accTp>
<leadReference>BMvaTevVvp</leadReference></ledgerAccount>
<ledgerAccount>
<accID>0050</accID>
<accDesc>Inventaris</accDesc>
<accTp>B</accTp>
<leadReference>BMvaBeiVvp</leadReference></ledgerAccount>
<ledgerAccount>
<accID>0120</accID>
<accDesc>Afschrijving bedrijfsgebouwen</accDesc>
<accTp>B</accTp>
<leadReference>BMvaBegCae</leadReference></ledgerAccount>
<ledgerAccount>
<accID>0125</accID>
<accDesc>Afschrijving bedrijfsterreinen</accDesc>
<accTp>B</accTp>
<leadReference>BMvaBegCae</leadReference></ledgerAccount>
<ledgerAccount>
<accID>0130</accID>
<accDesc>Afschrijving computers en software</accDesc>
<accTp>B</accTp>
<leadReference>BMvaObeCae</leadReference></ledgerAccount>
<ledgerAccount>
<accID>0135</accID>
<accDesc>Afschrijving machines en installaties</accDesc>
<accTp>B</accTp>
<leadReference>BMvaObeCae</leadReference></ledgerAccount>
<ledgerAccount>
<accID>0140</accID>
<accDesc>Afschrijving transportmiddelen</accDesc>
<accTp>B</accTp>
<leadReference>BMvaTevCae</leadReference></ledgerAccount>
<ledgerAccount>
<accID>0150</accID>
<accDesc>Afschrijving inventaris</accDesc>
<accTp>B</accTp>
<leadReference>BMvaBeiCae</leadReference></ledgerAccount>
<ledgerAccount>
<accID>0280</accID>
<accDesc>Effecten</accDesc>
<accTp>B</accTp>
<leadReference>BEffOveOen</leadReference></ledgerAccount>
<ledgerAccount>
<accID>0600</accID>
<accDesc>Aandelenkapitaal</accDesc>
<accTp>B</accTp>
<leadReference>BEivGokGea</leadReference></ledgerAccount>
<ledgerAccount>
<accID>0610</accID>
<accDesc>Onverdeelde winst</accDesc>
<accTp>B</accTp>
<leadReference>BEivOreOvw</leadReference></ledgerAccount>
<ledgerAccount>
<accID>0620</accID>
<accDesc>Algemene reserve</accDesc>
<accTp>B</accTp>
<leadReference>BEivFirOfr</leadReference></ledgerAccount>
<ledgerAccount>
<accID>0650</accID>
<accDesc>Vermogen firmant A</accDesc>
<accTp>B</accTp>
<leadReference>BEivKapOnd</leadReference></ledgerAccount>
<ledgerAccount>
<accID>0800</accID>
<accDesc>Leningen O/G</accDesc>
<accTp>B</accTp>
<leadReference>BLasSakLvl</leadReference></ledgerAccount>
<ledgerAccount>
<accID>0810</accID>
<accDesc>Hypotheken O/G</accDesc>
<accTp>B</accTp>
<leadReference>BLasSakHvl</leadReference></ledgerAccount>
<ledgerAccount>
<accID>0820</accID>
<accDesc>Leasing</accDesc>
<accTp>B</accTp>
<leadReference>BLasFlvCwm</leadReference></ledgerAccount>
<ledgerAccount>
<accID>0934</accID>
<accDesc>Herinvesteringsreserve</accDesc>
<accTp>B</accTp>
<leadReference>BEivFirHer</leadReference></ledgerAccount>
<ledgerAccount>
<accID>1000</accID>
<accDesc>Kas</accDesc>
<accTp>B</accTp>
<leadReference>BLimKasKlk</leadReference></ledgerAccount>
<ledgerAccount>
<accID>1100</accID>
<accDesc>RABOBANK NL44RABO0123456789</accDesc>
<accTp>B</accTp>
<leadReference>BLimBanRba</leadReference></ledgerAccount>
<ledgerAccount>
<accID>1110</accID>
<accDesc>ING BANK NL39INGB0661262286</accDesc>
<accTp>B</accTp>
<leadReference>BLimBanRba</leadReference></ledgerAccount>
<ledgerAccount>
<accID>1200</accID>
<accDesc>ABN AMRO BANK NL87ABNA0614973465</accDesc>
<accTp>B</accTp>
<leadReference>BLimBanRba</leadReference></ledgerAccount>
<ledgerAccount>
<accID>1240</accID>
<accDesc>Vervangingsreserve</accDesc>
<accTp>B</accTp>
<leadReference>BEivHerHew</leadReference></ledgerAccount>
<ledgerAccount>
<accID>1250</accID>
<accDesc>Vervangingsreserve</accDesc>
<accTp>B</accTp>
<leadReference>BEivFirHer</leadReference></ledgerAccount>
<ledgerAccount>
<accID>1300</accID>
<accDesc>Debiteuren binnenland</accDesc>
<accTp>B</accTp>
<leadReference>BVorDebHad</leadReference></ledgerAccount>
<ledgerAccount>
<accID>1310</accID>
<accDesc>Debiteuren buitenland</accDesc>
<accTp>B</accTp>
<leadReference>BVorDebHad</leadReference></ledgerAccount>
<ledgerAccount>
<accID>1320</accID>
<accDesc>Voorziening dub. debiteuren</accDesc>
<accTp>B</accTp>
<leadReference>BVorDebVdd</leadReference></ledgerAccount>
<ledgerAccount>
<accID>1350</accID>
<accDesc>Dubieuze debiteuren</accDesc>
<accTp>B</accTp>
<leadReference>BVorDebVdd</leadReference></ledgerAccount>
<ledgerAccount>
<accID>1400</accID>
<accDesc>Prive firmant A</accDesc>
<accTp>B</accTp>
<leadReference>BEivKapPro</leadReference></ledgerAccount>
<ledgerAccount>
<accID>1600</accID>
<accDesc>Crediteuren binnenland</accDesc>
<accTp>B</accTp>
<leadReference>BSchCreHac</leadReference></ledgerAccount>
<ledgerAccount>
<accID>1610</accID>
<accDesc>Crediteuren buitenland</accDesc>
<accTp>B</accTp>
<leadReference>BSchCreHac</leadReference></ledgerAccount>
<ledgerAccount>
<accID>1710</accID>
<accDesc>Te vorderen btw</accDesc>
<accTp>B</accTp>
<leadReference>BSchBtwAtd</leadReference></ledgerAccount>
<ledgerAccount>
<accID>1750</accID>
<accDesc>Te betalen btw 0%</accDesc>
<accTp>B</accTp>
<leadReference>BSchBtwAtd</leadReference></ledgerAccount>
<ledgerAccount>
<accID>1760</accID>
<accDesc>Te betalen btw laag (6%)</accDesc>
<accTp>B</accTp>
<leadReference>BSchBtwAtd</leadReference></ledgerAccount>
<ledgerAccount>
<accID>1770</accID>
<accDesc>Te betalen btw hoog (21%)</accDesc>
<accTp>B</accTp>
<leadReference>BSchBtwAtd</leadReference></ledgerAccount>
<ledgerAccount>
<accID>1780</accID>
<accDesc>Te betalen btw overige tar.</accDesc>
<accTp>B</accTp>
<leadReference>BSchBtwAtd</leadReference></ledgerAccount>
<ledgerAccount>
<accID>1785</accID>
<accDesc>Te betalen btw privegebruik</accDesc>
<accTp>B</accTp>
<leadReference>BSchBtwAtd</leadReference></ledgerAccount>
<ledgerAccount>
<accID>1790</accID>
<accDesc>Te verrekenen btw</accDesc>
<accTp>B</accTp>
<leadReference>BSchBtwAtd</leadReference></ledgerAccount>
<ledgerAccount>
<accID>1810</accID>
<accDesc>Te betalen AOW/AWW/AKW/AWBZ</accDesc>
<accTp>B</accTp>
<leadReference>BSchSalPsv</leadReference></ledgerAccount>
<ledgerAccount>
<accID>1820</accID>
<accDesc>Te betalen sociale lasten</accDesc>
<accTp>B</accTp>
<leadReference>BSchSalPsv</leadReference></ledgerAccount>
<ledgerAccount>
<accID>1910</accID>
<accDesc>Vooruitbetaalde bedragen</accDesc>
<accTp>B</accTp>
<leadReference>BVorOvaVof</leadReference></ledgerAccount>
<ledgerAccount>
<accID>1920</accID>
<accDesc>Vooruitontvangen bedragen</accDesc>
<accTp>B</accTp>
<leadReference>BSchCreVbk</leadReference></ledgerAccount>
<ledgerAccount>
<accID>1960</accID>
<accDesc>Nog te ontvangen bedragen</accDesc>
<accTp>B</accTp>
<leadReference>BVorOvrOvk</leadReference></ledgerAccount>
<ledgerAccount>
<accID>1970</accID>
<accDesc>Nog te betalen bedragen</accDesc>
<accTp>B</accTp>
<leadReference>BSchOvsOvs</leadReference></ledgerAccount>
<ledgerAccount>
<accID>1980</accID>
<accDesc>Overloop permanence activa</accDesc>
<accTp>B</accTp>
<leadReference>BVorOvaOoa</leadReference></ledgerAccount>
<ledgerAccount>
<accID>1985</accID>
<accDesc>Overloop permanence passiva</accDesc>
<accTp>B</accTp>
<leadReference>BSchOpaOop</leadReference></ledgerAccount>
<ledgerAccount>
<accID>2000</accID>
<accDesc>Tussenrekening financieel</accDesc>
<accTp>B</accTp>
<leadReference>BLimKruSto</leadReference></ledgerAccount>
<ledgerAccount>
<accID>2010</accID>
<accDesc>Tussenrekening betalingen</accDesc>
<accTp>B</accTp>
<leadReference>BLimKruSto</leadReference></ledgerAccount>
<ledgerAccount>
<accID>2016</accID>
<accDesc>Gefactureerd op projecten</accDesc>
<accTp>B</accTp>
<leadReference>BProOnpGet</leadReference></ledgerAccount>
<ledgerAccount>
<accID>2017</accID>
<accDesc>Tussenrekening vaste activa</accDesc>
<accTp>B</accTp>
<leadReference>BLimKruSto</leadReference></ledgerAccount>
<ledgerAccount>
<accID>2020</accID>
<accDesc>Tussenrekening voorraad</accDesc>
<accTp>B</accTp>
<leadReference>BLimKruSto</leadReference></ledgerAccount>
<ledgerAccount>
<accID>2030</accID>
<accDesc>Ontvangen facturen</accDesc>
<accTp>B</accTp>
<leadReference>BLimKruSto</leadReference></ledgerAccount>
<ledgerAccount>
<accID>2035</accID>
<accDesc>Ontvangen goederen afstemmen</accDesc>
<accTp>B</accTp>
<leadReference>BLimKruSto</leadReference></ledgerAccount>
<ledgerAccount>
<accID>2040</accID>
<accDesc>Tussenrekening Activa</accDesc>
<accTp>B</accTp>
<leadReference>BLimKruSto</leadReference></ledgerAccount>
<ledgerAccount>
<accID>2050</accID>
<accDesc>Kruisposten</accDesc>
<accTp>B</accTp>
<leadReference>BLimKruSto</leadReference></ledgerAccount>
<ledgerAccount>
<accID>2080</accID>
<accDesc>Tussenrekening permanence</accDesc>
<accTp>B</accTp>
<leadReference>BLimKruSto</leadReference></ledgerAccount>
<ledgerAccount>
<accID>2090</accID>
<accDesc>Vraagposten</accDesc>
<accTp>B</accTp>
<leadReference>BLimKruSto</leadReference></ledgerAccount>
<ledgerAccount>
<accID>2222</accID>
<accDesc>Vooruitbetalingen onderhoud</accDesc>
<accTp>B</accTp>
<leadReference>BVorOvaVof</leadReference></ledgerAccount>
<ledgerAccount>
<accID>3000</accID>
<accDesc>Voorraad kamerplanten</accDesc>
<accTp>B</accTp>
<leadReference>BVrdHanVoo</leadReference></ledgerAccount>
<ledgerAccount>
<accID>3010</accID>
<accDesc>Voorraad aardewerk</accDesc>
<accTp>B</accTp>
<leadReference>BVrdHanVoo</leadReference></ledgerAccount>
<ledgerAccount>
<accID>3020</accID>
<accDesc>Voorraad tuinmeubelen</accDesc>
<accTp>B</accTp>
<leadReference>BVrdHanVoo</leadReference></ledgerAccount>
<ledgerAccount>
<accID>3030</accID>
<accDesc>Voorraad tuingereedschap</accDesc>
<accTp>B</accTp>
<leadReference>BVrdHanVoo</leadReference></ledgerAccount>
<ledgerAccount>
<accID>3040</accID>
<accDesc>Voorraad overige tuinbenodigdheden</accDesc>
<accTp>B</accTp>
<leadReference>BVrdHanVoo</leadReference></ledgerAccount>
<ledgerAccount>
<accID>3050</accID>
<accDesc>Voorraad vijvers en toebehoren</accDesc>
<accTp>B</accTp>
<leadReference>BVrdHanVoo</leadReference></ledgerAccount>
<ledgerAccount>
<accID>3090</accID>
<accDesc>Overige inkopen</accDesc>
<accTp>B</accTp>
<leadReference>BVrdHanVoo</leadReference></ledgerAccount>
<ledgerAccount>
<accID>4000</accID>
<accDesc>Lonen en salarissen</accDesc>
<accTp>P</accTp>
<leadReference>WPerLesLon</leadReference></ledgerAccount>
<ledgerAccount>
<accID>4010</accID>
<accDesc>Vakantiegeld</accDesc>
<accTp>P</accTp>
<leadReference>WPerLesVag</leadReference></ledgerAccount>
<ledgerAccount>
<accID>4040</accID>
<accDesc>Ziekengeld</accDesc>
<accTp>P</accTp>
<leadReference>WPerLesLon</leadReference></ledgerAccount>
<ledgerAccount>
<accID>4050</accID>
<accDesc>Sociale lasten</accDesc>
<accTp>P</accTp>
<leadReference>WPerSolPsv</leadReference></ledgerAccount>
<ledgerAccount>
<accID>4090</accID>
<accDesc>Overige personeelskosten</accDesc>
<accTp>P</accTp>
<leadReference>WPerOvpOvp</leadReference></ledgerAccount>
<ledgerAccount>
<accID>4091</accID>
<accDesc>Verstrekkingen personeel</accDesc>
<accTp>P</accTp>
<leadReference>WPerLesLin</leadReference></ledgerAccount>
<ledgerAccount>
<accID>4095</accID>
<accDesc>Interne kosten medewerkers</accDesc>
<accTp>P</accTp>
<leadReference>WPerOvpOvp</leadReference></ledgerAccount>
<ledgerAccount>
<accID>4110</accID>
<accDesc>Huur gebouwen</accDesc>
<accTp>P</accTp>
<leadReference>WBedHuiBeh</leadReference></ledgerAccount>
<ledgerAccount>
<accID>4130</accID>
<accDesc>Belastingen onroerend goed</accDesc>
<accTp>P</accTp>
<leadReference>WBedHuiOnz</leadReference></ledgerAccount>
<ledgerAccount>
<accID>4160</accID>
<accDesc>Onderhoud/Schoonmaken gebouwen</accDesc>
<accTp>P</accTp>
<leadReference>WBedHuiOng</leadReference></ledgerAccount>
<ledgerAccount>
<accID>4170</accID>
<accDesc>Gas, licht en water</accDesc>
<accTp>P</accTp>
<leadReference>WBedHuiGas</leadReference></ledgerAccount>
<ledgerAccount>
<accID>4260</accID>
<accDesc>Onderhoud inventaris</accDesc>
<accTp>P</accTp>
<leadReference>WBedEemRoi</leadReference></ledgerAccount>
<ledgerAccount>
<accID>4300</accID>
<accDesc>Kantoorbenodigdheden</accDesc>
<accTp>P</accTp>
<leadReference>WBedKanKan</leadReference></ledgerAccount>
<ledgerAccount>
<accID>4310</accID>
<accDesc>Zegel- en portokosten</accDesc>
<accTp>P</accTp>
<leadReference>WBedKanPor</leadReference></ledgerAccount>
<ledgerAccount>
<accID>4320</accID>
<accDesc>Telefoonkosten (mobiel)</accDesc>
<accTp>P</accTp>
<leadReference>WBedKanTef</leadReference></ledgerAccount>
<ledgerAccount>
<accID>4330</accID>
<accDesc>Drukwerk</accDesc>
<accTp>P</accTp>
<leadReference>WBedKanDru</leadReference></ledgerAccount>
<ledgerAccount>
<accID>4410</accID>
<accDesc>Kosten bedrijfsauto's</accDesc>
<accTp>P</accTp>
<leadReference>WBedAutRoa</leadReference></ledgerAccount>
<ledgerAccount>
<accID>4500</accID>
<accDesc>Reclame / Advertenties</accDesc>
<accTp>P</accTp>
<leadReference>WBedVkkRea</leadReference></ledgerAccount>
<ledgerAccount>
<accID>4610</accID>
<accDesc>Interest</accDesc>
<accTp>P</accTp>
<leadReference>WFbeRlsRhl</leadReference></ledgerAccount>
<ledgerAccount>
<accID>4700</accID>
<accDesc>Afschrijving dub. debiteuren</accDesc>
<accTp>P</accTp>
<leadReference>WBedVkkAdd</leadReference></ledgerAccount>
<ledgerAccount>
<accID>4730</accID>
<accDesc>Accountantskosten</accDesc>
<accTp>P</accTp>
<leadReference>WBedAeaAov</leadReference></ledgerAccount>
<ledgerAccount>
<accID>4750</accID>
<accDesc>Assuranties</accDesc>
<accTp>P</accTp>
<leadReference>WBedAssOva</leadReference></ledgerAccount>
<ledgerAccount>
<accID>4790</accID>
<accDesc>Diverse algemene kosten</accDesc>
<accTp>P</accTp>
<leadReference>WBedAlkOal</leadReference></ledgerAccount>
<ledgerAccount>
<accID>4801</accID>
<accDesc>Afschrijving oprichting en uitgifte van aandelen</accDesc>
<accTp>P</accTp>
<leadReference>WAfsAivOek</leadReference></ledgerAccount>
<ledgerAccount>
<accID>4803</accID>
<accDesc>Afschr. onderzoek en ontwikkeling</accDesc>
<accTp>P</accTp>
<leadReference>WAfsAivKoe</leadReference></ledgerAccount>
<ledgerAccount>
<accID>4811</accID>
<accDesc>Afschr. overige immateriële vaste activa</accDesc>
<accTp>P</accTp>
<leadReference>WAfsAivOiv</leadReference></ledgerAccount>
<ledgerAccount>
<accID>4820</accID>
<accDesc>Afschrijving bedrijfsgebouwen</accDesc>
<accTp>P</accTp>
<leadReference>WAfsAmvBeg</leadReference></ledgerAccount>
<ledgerAccount>
<accID>4825</accID>
<accDesc>Afschrijving bedrijfsterreinen</accDesc>
<accTp>P</accTp>
<leadReference>WAfsAmvBeg</leadReference></ledgerAccount>
<ledgerAccount>
<accID>4830</accID>
<accDesc>Afschrijving computer en software</accDesc>
<accTp>P</accTp>
<leadReference>WAfsAmvMei</leadReference></ledgerAccount>
<ledgerAccount>
<accID>4835</accID>
<accDesc>Afschrijving machines en installaties</accDesc>
<accTp>P</accTp>
<leadReference>WAfsAmvMei</leadReference></ledgerAccount>
<ledgerAccount>
<accID>4840</accID>
<accDesc>Afschrijving transportmiddelen</accDesc>
<accTp>P</accTp>
<leadReference>WAfsAmvTev</leadReference></ledgerAccount>
<ledgerAccount>
<accID>4850</accID>
<accDesc>Afschrijving inventaris</accDesc>
<accTp>P</accTp>
<leadReference>WAfsAmvTev</leadReference></ledgerAccount>
<ledgerAccount>
<accID>5000</accID>
<accDesc>Dekking</accDesc>
<accTp>B</accTp>
<leadReference>BVrdHalVoo</leadReference></ledgerAccount>
<ledgerAccount>
<accID>5500</accID>
<accDesc>Dekking Projectkosten</accDesc>
<accTp>P</accTp>
<leadReference>WBedDokDok</leadReference></ledgerAccount>
<ledgerAccount>
<accID>6050</accID>
<accDesc>Dekking assemblage</accDesc>
<accTp>B</accTp>
<leadReference>BLimKruSto</leadReference></ledgerAccount>
<ledgerAccount>
<accID>6510</accID>
<accDesc>OHW Materiaal (Tuinaanleg en Onderhoud)</accDesc>
<accTp>B</accTp>
<leadReference>BProOnpOnk</leadReference></ledgerAccount>
<ledgerAccount>
<accID>6512</accID>
<accDesc>OHW Materiaal (Aanleg- en constructiewerk)</accDesc>
<accTp>B</accTp>
<leadReference>BProOnpOnk</leadReference></ledgerAccount>
<ledgerAccount>
<accID>6515</accID>
<accDesc>OHW Materiaal (Bestrating en Montage)</accDesc>
<accTp>B</accTp>
<leadReference>BProOnpOnk</leadReference></ledgerAccount>
<ledgerAccount>
<accID>6520</accID>
<accDesc>OHW Urenl (Tuinaanleg en Onderhoud)</accDesc>
<accTp>B</accTp>
<leadReference>BProOnpOnk</leadReference></ledgerAccount>
<ledgerAccount>
<accID>6522</accID>
<accDesc>OHW Uren (Aanleg- en constructiewerk)</accDesc>
<accTp>B</accTp>
<leadReference>BProOnpOnk</leadReference></ledgerAccount>
<ledgerAccount>
<accID>6525</accID>
<accDesc>OHW Uren (Bestrating en Montage)</accDesc>
<accTp>B</accTp>
<leadReference>BProOnpOnk</leadReference></ledgerAccount>
<ledgerAccount>
<accID>6530</accID>
<accDesc>OHW Werk Derden (Tuinaanleg en Onderhoud)</accDesc>
<accTp>B</accTp>
<leadReference>BProOnpOnk</leadReference></ledgerAccount>
<ledgerAccount>
<accID>6532</accID>
<accDesc>OHW Werk Derden (Aanleg- en constructiewerk)</accDesc>
<accTp>B</accTp>
<leadReference>BProOnpOnk</leadReference></ledgerAccount>
<ledgerAccount>
<accID>6535</accID>
<accDesc>OHW Werk Derden (Bestrating en Montage)</accDesc>
<accTp>B</accTp>
<leadReference>BProOnpOnk</leadReference></ledgerAccount>
<ledgerAccount>
<accID>6540</accID>
<accDesc>OHW Diversen (Tuinaanleg en Onderhoud)</accDesc>
<accTp>B</accTp>
<leadReference>BProOnpOnk</leadReference></ledgerAccount>
<ledgerAccount>
<accID>6542</accID>
<accDesc>OHW Diversen (Aanleg- en constructiewerk)</accDesc>
<accTp>B</accTp>
<leadReference>BProOnpOnk</leadReference></ledgerAccount>
<ledgerAccount>
<accID>6545</accID>
<accDesc>OHW Diversen (Bestrating en Montage)</accDesc>
<accTp>B</accTp>
<leadReference>BProOnpOnk</leadReference></ledgerAccount>
<ledgerAccount>
<accID>7000</accID>
<accDesc>Kostprijs kamerplanten</accDesc>
<accTp>P</accTp>
<leadReference>WKprInhInh</leadReference></ledgerAccount>
<ledgerAccount>
<accID>7010</accID>
<accDesc>Kostprijs aardewerk</accDesc>
<accTp>P</accTp>
<leadReference>WKprInhInh</leadReference></ledgerAccount>
<ledgerAccount>
<accID>7020</accID>
<accDesc>Kostprijs tuinmeubelen</accDesc>
<accTp>P</accTp>
<leadReference>WKprInhInh</leadReference></ledgerAccount>
<ledgerAccount>
<accID>7030</accID>
<accDesc>Kostprijs tuingereedschap</accDesc>
<accTp>P</accTp>
<leadReference>WKprInhInh</leadReference></ledgerAccount>
<ledgerAccount>
<accID>7040</accID>
<accDesc>Kostprijs overige tuinbenodigdheden</accDesc>
<accTp>P</accTp>
<leadReference>WKprInhInh</leadReference></ledgerAccount>
<ledgerAccount>
<accID>7050</accID>
<accDesc>Kostprijs vijvers en toebehoren</accDesc>
<accTp>P</accTp>
<leadReference>WKprInhInh</leadReference></ledgerAccount>
<ledgerAccount>
<accID>7080</accID>
<accDesc>Inkoopprijsverschillen</accDesc>
<accTp>P</accTp>
<leadReference>WKprInhInh</leadReference></ledgerAccount>
<ledgerAccount>
<accID>7090</accID>
<accDesc>Kostprijs Inkopen diversen</accDesc>
<accTp>P</accTp>
<leadReference>WKprInhInh</leadReference></ledgerAccount>
<ledgerAccount>
<accID>7510</accID>
<accDesc>Kostprijs Materiaal (Tuinaanleg en Onderhoud)</accDesc>
<accTp>P</accTp>
<leadReference>WKprInpInp</leadReference></ledgerAccount>
<ledgerAccount>
<accID>7512</accID>
<accDesc>Kostprijs Materiaal (Aanleg- en constructiewerk)</accDesc>
<accTp>P</accTp>
<leadReference>WKprInpInp</leadReference></ledgerAccount>
<ledgerAccount>
<accID>7515</accID>
<accDesc>Kostprijs Materiaal (Bestrating en Montage)</accDesc>
<accTp>P</accTp>
<leadReference>WKprInpInp</leadReference></ledgerAccount>
<ledgerAccount>
<accID>7520</accID>
<accDesc>Kostprijs Uren (Tuinaanleg en Onderhoud)</accDesc>
<accTp>P</accTp>
<leadReference>WKprInpInp</leadReference></ledgerAccount>
<ledgerAccount>
<accID>7522</accID>
<accDesc>Kostprijs Uren (Aanleg- en constructiewerk)</accDesc>
<accTp>P</accTp>
<leadReference>WKprInpInp</leadReference></ledgerAccount>
<ledgerAccount>
<accID>7525</accID>
<accDesc>Kostprijs Uren (Bestrating en Montage)</accDesc>
<accTp>P</accTp>
<leadReference>WKprInpInp</leadReference></ledgerAccount>
<ledgerAccount>
<accID>7530</accID>
<accDesc>Kostprijs Werk Derden (Tuinaanleg en Onderhoud)</accDesc>
<accTp>P</accTp>
<leadReference>WKprInpInp</leadReference></ledgerAccount>
<ledgerAccount>
<accID>7532</accID>
<accDesc>Kostprijs Werk Derden (Aanleg- en constructiewerk)</accDesc>
<accTp>P</accTp>
<leadReference>WKprInpInp</leadReference></ledgerAccount>
<ledgerAccount>
<accID>7535</accID>
<accDesc>Kostprijs Werk Derden  (Bestrating en Montage)</accDesc>
<accTp>P</accTp>
<leadReference>WKprInpInp</leadReference></ledgerAccount>
<ledgerAccount>
<accID>7540</accID>
<accDesc>Kostprijs Diversen (Tuinaanleg en Onderhoud)</accDesc>
<accTp>P</accTp>
<leadReference>WKprInpInp</leadReference></ledgerAccount>
<ledgerAccount>
<accID>7542</accID>
<accDesc>Kostprijs Diversen (Aanleg- en constructiewerk)</accDesc>
<accTp>P</accTp>
<leadReference>WKprInpInp</leadReference></ledgerAccount>
<ledgerAccount>
<accID>7545</accID>
<accDesc>Kostprijs Diversen (Bestrating en Montage)</accDesc>
<accTp>P</accTp>
<leadReference>WKprInpInp</leadReference></ledgerAccount>
<ledgerAccount>
<accID>8000</accID>
<accDesc>Opbrengst kamerplanten</accDesc>
<accTp>P</accTp>
<leadReference>WOmzNohOlh</leadReference></ledgerAccount>
<ledgerAccount>
<accID>8010</accID>
<accDesc>Opbrengst aardewerk</accDesc>
<accTp>P</accTp>
<leadReference>WOmzNohOlh</leadReference></ledgerAccount>
<ledgerAccount>
<accID>8020</accID>
<accDesc>Opbrengst tuinmeubelen</accDesc>
<accTp>P</accTp>
<leadReference>WOmzNohOlh</leadReference></ledgerAccount>
<ledgerAccount>
<accID>8030</accID>
<accDesc>Opbrengst tuingereedschap</accDesc>
<accTp>P</accTp>
<leadReference>WOmzNohOlh</leadReference></ledgerAccount>
<ledgerAccount>
<accID>8040</accID>
<accDesc>Opbrengst overige tuinbenodigdheden</accDesc>
<accTp>P</accTp>
<leadReference>WOmzNohOlh</leadReference></ledgerAccount>
<ledgerAccount>
<accID>8050</accID>
<accDesc>Opbrengst vijvers en toebehoren</accDesc>
<accTp>P</accTp>
<leadReference>WOmzNohOlh</leadReference></ledgerAccount>
<ledgerAccount>
<accID>8060</accID>
<accDesc>Opbrengst onderhoud</accDesc>
<accTp>P</accTp>
<leadReference>WOmzNodOdh</leadReference></ledgerAccount>
<ledgerAccount>
<accID>8070</accID>
<accDesc>Opbrengst tuinaanleg en bestrating</accDesc>
<accTp>P</accTp>
<leadReference>WOmzNodOdh</leadReference></ledgerAccount>
<ledgerAccount>
<accID>8090</accID>
<accDesc>Opbrengst diversen</accDesc>
<accTp>P</accTp>
<leadReference>WOmzNohOlh</leadReference></ledgerAccount>
<ledgerAccount>
<accID>8600</accID>
<accDesc>Opbrengst projecten</accDesc>
<accTp>P</accTp>
<leadReference>WOmzNohOlh</leadReference></ledgerAccount>
<ledgerAccount>
<accID>9030</accID>
<accDesc>Betalingsverschillen debiteur</accDesc>
<accTp>P</accTp>
<leadReference>WBedAdlBet</leadReference></ledgerAccount>
<ledgerAccount>
<accID>9035</accID>
<accDesc>Betalingsverschillen crediteur</accDesc>
<accTp>P</accTp>
<leadReference>WBedAdlBet</leadReference></ledgerAccount>
<ledgerAccount>
<accID>9040</accID>
<accDesc>Verkoopresultaat imm. vaste activa</accDesc>
<accTp>P</accTp>
<leadReference>WOvbOvoOvo</leadReference></ledgerAccount>
<ledgerAccount>
<accID>9041</accID>
<accDesc>Verkoopresultaat bedrijfsgebouwen</accDesc>
<accTp>P</accTp>
<leadReference>WOvbOvoOvo</leadReference></ledgerAccount>
<ledgerAccount>
<accID>9042</accID>
<accDesc>Verkoopresultaat bedrijfsterreinen</accDesc>
<accTp>P</accTp>
<leadReference>WOvbOvoOvo</leadReference></ledgerAccount>
<ledgerAccount>
<accID>9043</accID>
<accDesc>Verkoopresultaat computers  en software</accDesc>
<accTp>P</accTp>
<leadReference>WOvbOvoOvo</leadReference></ledgerAccount>
<ledgerAccount>
<accID>9044</accID>
<accDesc>Verkoopresultaat machines en installaties</accDesc>
<accTp>P</accTp>
<leadReference>WOvbOvoOvo</leadReference></ledgerAccount>
<ledgerAccount>
<accID>9045</accID>
<accDesc>Verkoopresultaat transportmiddelen</accDesc>
<accTp>P</accTp>
<leadReference>WOvbOvoOvo</leadReference></ledgerAccount>
<ledgerAccount>
<accID>9046</accID>
<accDesc>Verkoopresultaat inventaris</accDesc>
<accTp>P</accTp>
<leadReference>WOvbOvoOvo</leadReference></ledgerAccount>
<ledgerAccount>
<accID>9050</accID>
<accDesc>Betalingskortingen debiteuren</accDesc>
<accTp>P</accTp>
<leadReference>WKprBtkBed</leadReference></ledgerAccount>
<ledgerAccount>
<accID>9055</accID>
<accDesc>Betalingskortingen crediteuren</accDesc>
<accTp>P</accTp>
<leadReference>WKprBtkBec</leadReference></ledgerAccount>
<ledgerAccount>
<accID>9070</accID>
<accDesc>Koersverschillen</accDesc>
<accTp>P</accTp>
<leadReference>WFbeWisWis</leadReference></ledgerAccount>
<ledgerAccount>
<accID>9080</accID>
<accDesc>Herwaardering voorraad</accDesc>
<accTp>P</accTp>
<leadReference>WOmzNooNdo</leadReference></ledgerAccount>
<ledgerAccount>
<accID>9090</accID>
<accDesc>Diverse baten en lasten</accDesc>
<accTp>P</accTp>
<leadReference>WBbeBubBub</leadReference></ledgerAccount>
<ledgerAccount>
<accID>9170</accID>
<accDesc>Kasverschillen</accDesc>
<accTp>P</accTp>
<leadReference>WBedAdlKav</leadReference></ledgerAccount>
<ledgerAccount>
<accID>9300</accID>
<accDesc>Verkoopresultaten vaste activa</accDesc>
<accTp>P</accTp>
<leadReference>WOvbOvoOvo</leadReference></ledgerAccount>
<ledgerAccount>
<accID>9800</accID>
<accDesc>Verkoopwinst imm. vaste activa</accDesc>
<accTp>P</accTp>
<leadReference>WOvbOvoOvo</leadReference></ledgerAccount>
<ledgerAccount>
<accID>9810</accID>
<accDesc>Verkoopwinst materiële. vaste activa</accDesc>
<accTp>P</accTp>
<leadReference>WOvbOvoOvo</leadReference></ledgerAccount>
<ledgerAccount>
<accID>9900</accID>
<accDesc>Verkoopresultaten imm. vaste activa</accDesc>
<accTp>P</accTp>
<leadReference>WOvbOvoOvo</leadReference></ledgerAccount>
<ledgerAccount>
<accID>9910</accID>
<accDesc>Verkoopverlies materiële vaste activa</accDesc>
<accTp>P</accTp>
<leadReference>WOvbOvoOvo</leadReference></ledgerAccount>
<basics>
<basic>
<basicType>02</basicType>
<basicID>0100</basicID>
<basicDesc>Directie</basicDesc></basic>
<basic>
<basicType>02</basicType>
<basicID>0200</basicID>
<basicDesc>Secretariaat</basicDesc></basic>
<basic>
<basicType>02</basicType>
<basicID>0300</basicID>
<basicDesc>Magazijn</basicDesc></basic>
<basic>
<basicType>02</basicType>
<basicID>0400</basicID>
<basicDesc>Verkoop</basicDesc></basic>
<basic>
<basicType>02</basicType>
<basicID>0500</basicID>
<basicDesc>Inkoop</basicDesc></basic>
<basic>
<basicType>02</basicType>
<basicID>0600</basicID>
<basicDesc>Algemeen</basicDesc></basic>
<basic>
<basicType>02</basicType>
<basicID>0700</basicID>
<basicDesc>Marketing</basicDesc></basic>
<basic>
<basicType>02</basicType>
<basicID>0800</basicID>
<basicDesc>Technische dienst</basicDesc></basic>
<basic>
<basicType>03</basicType>
<basicID>0100</basicID>
<basicDesc>Onderhoudswerk kantoor</basicDesc></basic>
<basic>
<basicType>03</basicType>
<basicID>0200</basicID>
<basicDesc>Transportkosten</basicDesc></basic>
<basic>
<basicType>03</basicType>
<basicID>0300</basicID>
<basicDesc>Tuin- en parkaanleg</basicDesc></basic>
<basic>
<basicType>04</basicType>
<basicID>2017-0001</basicID>
<basicDesc>Tuinaanleg en bestrating Zuidpark IJsselstein</basicDesc></basic>
<basic>
<basicType>04</basicType>
<basicID>2017-0002</basicID>
<basicDesc>Montage blokhut Hortus</basicDesc></basic>
<basic>
<basicType>04</basicType>
<basicID>2017-0003</basicID>
<basicDesc>Tuinaanleg via Brokma in Alphen</basicDesc></basic>
<basic>
<basicType>04</basicType>
<basicID>2017-0004</basicID>
<basicDesc>Bestrating Filiaal van Bekkerem Loretnzkade</basicDesc></basic>
<basic>
<basicType>04</basicType>
<basicID>PA15-1001-01</basicID>
<basicDesc>Aanleg binnentuin en terras</basicDesc></basic>
<basic>
<basicType>04</basicType>
<basicID>PR15-1010-01</basicID>
<basicDesc>Montage blokhutten Walter</basicDesc></basic>
<basic>
<basicType>04</basicType>
<basicID>PR15-1012-01</basicID>
<basicDesc>ProjGroenvoorzieningIJsbaanPodiumstraat (hoofdproject)</basicDesc></basic>
<basic>
<basicType>04</basicType>
<basicID>PR15-1012-02</basicID>
<basicDesc>Grond- en beplanting IJsbaan IJsselstein</basicDesc></basic>
<basic>
<basicType>04</basicType>
<basicID>PR15-1012-03</basicID>
<basicDesc>Bestrating fiets- en voetpaden IJsbaan IJsselstein</basicDesc></basic>
<basic>
<basicType>04</basicType>
<basicID>U-INT-01</basicID>
<basicDesc>Interne uren niet declarabel</basicDesc></basic>
<basic>
<basicType>04</basicType>
<basicID>U-INT-02</basicID>
<basicDesc>OH tuinen op abonnement</basicDesc></basic></basics></generalLedger>
<vatCodes>
<vatCode>
<vatID>0</vatID>
<vatDesc/>
<vatToPayAccID>1750</vatToPayAccID>
<vatToClaimAccID>1710</vatToClaimAccID></vatCode>
<vatCode>
<vatID>1</vatID>
<vatDesc>Laag tarief</vatDesc>
<vatToPayAccID>1760</vatToPayAccID>
<vatToClaimAccID>1710</vatToClaimAccID></vatCode>
<vatCode>
<vatID>2</vatID>
<vatDesc>Hoog tarief</vatDesc>
<vatToPayAccID>1770</vatToPayAccID>
<vatToClaimAccID>1710</vatToClaimAccID></vatCode></vatCodes>
<periods>
<period>
<periodNumber>1</periodNumber>
<periodDesc/>
<startDatePeriod>2017-01-01</startDatePeriod>
<startTimePeriod>00:00:00+00:00</startTimePeriod>
<endDatePeriod>2017-01-31</endDatePeriod>
<endTimePeriod>23:59:59+00:00</endTimePeriod></period>
<period>
<periodNumber>2</periodNumber>
<periodDesc/>
<startDatePeriod>2017-02-01</startDatePeriod>
<startTimePeriod>00:00:00+00:00</startTimePeriod>
<endDatePeriod>2017-02-28</endDatePeriod>
<endTimePeriod>23:59:59+00:00</endTimePeriod></period>
<period>
<periodNumber>3</periodNumber>
<periodDesc/>
<startDatePeriod>2017-03-01</startDatePeriod>
<startTimePeriod>00:00:00+00:00</startTimePeriod>
<endDatePeriod>2017-03-31</endDatePeriod>
<endTimePeriod>23:59:59+00:00</endTimePeriod></period>
<period>
<periodNumber>4</periodNumber>
<periodDesc/>
<startDatePeriod>2017-04-01</startDatePeriod>
<startTimePeriod>00:00:00+00:00</startTimePeriod>
<endDatePeriod>2017-04-30</endDatePeriod>
<endTimePeriod>23:59:59+00:00</endTimePeriod></period>
<period>
<periodNumber>5</periodNumber>
<periodDesc/>
<startDatePeriod>2017-05-01</startDatePeriod>
<startTimePeriod>00:00:00+00:00</startTimePeriod>
<endDatePeriod>2017-05-31</endDatePeriod>
<endTimePeriod>23:59:59+00:00</endTimePeriod></period>
<period>
<periodNumber>6</periodNumber>
<periodDesc/>
<startDatePeriod>2017-06-01</startDatePeriod>
<startTimePeriod>00:00:00+00:00</startTimePeriod>
<endDatePeriod>2017-06-30</endDatePeriod>
<endTimePeriod>23:59:59+00:00</endTimePeriod></period>
<period>
<periodNumber>7</periodNumber>
<periodDesc/>
<startDatePeriod>2017-07-01</startDatePeriod>
<startTimePeriod>00:00:00+00:00</startTimePeriod>
<endDatePeriod>2017-07-31</endDatePeriod>
<endTimePeriod>23:59:59+00:00</endTimePeriod></period>
<period>
<periodNumber>8</periodNumber>
<periodDesc/>
<startDatePeriod>2017-08-01</startDatePeriod>
<startTimePeriod>00:00:00+00:00</startTimePeriod>
<endDatePeriod>2017-08-31</endDatePeriod>
<endTimePeriod>23:59:59+00:00</endTimePeriod></period>
<period>
<periodNumber>9</periodNumber>
<periodDesc/>
<startDatePeriod>2017-09-01</startDatePeriod>
<startTimePeriod>00:00:00+00:00</startTimePeriod>
<endDatePeriod>2017-09-30</endDatePeriod>
<endTimePeriod>23:59:59+00:00</endTimePeriod></period>
<period>
<periodNumber>10</periodNumber>
<periodDesc/>
<startDatePeriod>2017-10-01</startDatePeriod>
<startTimePeriod>00:00:00+00:00</startTimePeriod>
<endDatePeriod>2017-10-31</endDatePeriod>
<endTimePeriod>23:59:59+00:00</endTimePeriod></period>
<period>
<periodNumber>11</periodNumber>
<periodDesc/>
<startDatePeriod>2017-11-01</startDatePeriod>
<startTimePeriod>00:00:00+00:00</startTimePeriod>
<endDatePeriod>2017-11-30</endDatePeriod>
<endTimePeriod>23:59:59+00:00</endTimePeriod></period>
<period>
<periodNumber>12</periodNumber>
<periodDesc/>
<startDatePeriod>2017-12-01</startDatePeriod>
<startTimePeriod>00:00:00+00:00</startTimePeriod>
<endDatePeriod>2017-12-31</endDatePeriod>
<endTimePeriod>23:59:59+00:00</endTimePeriod></period></periods>
<openingBalance>
<opBalDate>2017-01-01</opBalDate>
<opBalDesc>openings balans</opBalDesc>
<linesCount>22</linesCount>
<totalDebit>1109753.22</totalDebit>
<totalCredit>1109753.22</totalCredit>
<obLine>
<nr>1</nr>
<accID>0020</accID>
<amnt>516225.00</amnt>
<amntTp>D</amntTp></obLine>
<obLine>
<nr>2</nr>
<accID>0025</accID>
<amnt>260000.00</amnt>
<amntTp>D</amntTp></obLine>
<obLine>
<nr>3</nr>
<accID>0030</accID>
<amnt>7080.00</amnt>
<amntTp>D</amntTp></obLine>
<obLine>
<nr>4</nr>
<accID>0035</accID>
<amnt>99972.00</amnt>
<amntTp>D</amntTp></obLine>
<obLine>
<nr>5</nr>
<accID>0040</accID>
<amnt>110657.00</amnt>
<amntTp>D</amntTp></obLine>
<obLine>
<nr>6</nr>
<accID>0050</accID>
<amnt>18850.00</amnt>
<amntTp>D</amntTp></obLine>
<obLine>
<nr>7</nr>
<accID>0120</accID>
<amnt>11676.00</amnt>
<amntTp>C</amntTp></obLine>
<obLine>
<nr>8</nr>
<accID>0130</accID>
<amnt>2737.00</amnt>
<amntTp>C</amntTp></obLine>
<obLine>
<nr>9</nr>
<accID>0135</accID>
<amnt>34423.00</amnt>
<amntTp>C</amntTp></obLine>
<obLine>
<nr>10</nr>
<accID>0140</accID>
<amnt>24214.00</amnt>
<amntTp>C</amntTp></obLine>
<obLine>
<nr>11</nr>
<accID>0150</accID>
<amnt>7192.00</amnt>
<amntTp>C</amntTp></obLine>
<obLine>
<nr>12</nr>
<accID>0610</accID>
<amnt>65716.27</amnt>
<amntTp>C</amntTp></obLine>
<obLine>
<nr>13</nr>
<accID>1000</accID>
<amnt>800.00</amnt>
<amntTp>D</amntTp></obLine>
<obLine>
<nr>14</nr>
<accID>1100</accID>
<amnt>3467.97</amnt>
<amntTp>D</amntTp></obLine>
<obLine>
<nr>15</nr>
<accID>1110</accID>
<amnt>2300.80</amnt>
<amntTp>D</amntTp></obLine>
<obLine>
<nr>16</nr>
<accID>1200</accID>
<amnt>61530.70</amnt>
<amntTp>D</amntTp></obLine>
<obLine>
<nr>17</nr>
<accID>1710</accID>
<amnt>28869.75</amnt>
<amntTp>D</amntTp></obLine>
<obLine>
<nr>18</nr>
<accID>1760</accID>
<amnt>2272.53</amnt>
<amntTp>C</amntTp></obLine>
<obLine>
<nr>19</nr>
<accID>1770</accID>
<amnt>27363.92</amnt>
<amntTp>C</amntTp></obLine>
<obLine>
<nr>20</nr>
<accID>1810</accID>
<amnt>289.34</amnt>
<amntTp>C</amntTp></obLine>
<obLine>
<nr>21</nr>
<accID>1820</accID>
<amnt>1327.16</amnt>
<amntTp>C</amntTp></obLine>
<obLine>
<nr>22</nr>
<accID>2000</accID>
<amnt>932542.00</amnt>
<amntTp>C</amntTp></obLine></openingBalance>
<transactions>
<linesCount>371</linesCount>
<totalDebit>135836.32</totalDebit>
<totalCredit>135836.32</totalCredit>
<journal>
<jrnID>A</jrnID>
<desc>Activadagboek</desc>
<jrnTp>Z</jrnTp>
<offsetAccID>2017</offsetAccID>
<transaction>
<nr>1-1</nr>
<desc>020 Bedrijfsgebouwen</desc>
<periodNumber>1</periodNumber>
<trDt>2017-01-31</trDt>
<amnt>0.00</amnt>
<amntTp>D</amntTp>
<trLine>
<nr>169</nr>
<accID>4820</accID>
<docRef>1</docRef>
<effDate>2017-01-31</effDate>
<desc>020 Bedrijfsgebouwen</desc>
<amnt>876.00</amnt>
<amntTp>D</amntTp></trLine>
<trLine>
<nr>170</nr>
<accID>0120</accID>
<docRef>2</docRef>
<effDate>2017-01-31</effDate>
<desc>Automat. afschrijving per. 1</desc>
<amnt>876.00</amnt>
<amntTp>C</amntTp></trLine>
<trLine>
<nr>173</nr>
<accID>4830</accID>
<docRef>1</docRef>
<effDate>2017-01-31</effDate>
<desc>030 Computers en software</desc>
<amnt>113.00</amnt>
<amntTp>D</amntTp></trLine>
<trLine>
<nr>174</nr>
<accID>0130</accID>
<docRef>2</docRef>
<effDate>2017-01-31</effDate>
<desc>Automat. afschrijving per. 1</desc>
<amnt>113.00</amnt>
<amntTp>C</amntTp></trLine>
<trLine>
<nr>177</nr>
<accID>4835</accID>
<docRef>1</docRef>
<effDate>2017-01-31</effDate>
<desc>035 Machines en installaties</desc>
<amnt>1491.00</amnt>
<amntTp>D</amntTp></trLine>
<trLine>
<nr>178</nr>
<accID>0135</accID>
<docRef>2</docRef>
<effDate>2017-01-31</effDate>
<desc>Automat. afschrijving per. 1</desc>
<amnt>1491.00</amnt>
<amntTp>C</amntTp></trLine>
<trLine>
<nr>181</nr>
<accID>4840</accID>
<docRef>1</docRef>
<effDate>2017-01-31</effDate>
<desc>040 Transportmiddelen</desc>
<amnt>1444.00</amnt>
<amntTp>D</amntTp></trLine>
<trLine>
<nr>182</nr>
<accID>0140</accID>
<docRef>2</docRef>
<effDate>2017-01-31</effDate>
<desc>Automat. afschrijving per. 1</desc>
<amnt>1444.00</amnt>
<amntTp>C</amntTp></trLine>
<trLine>
<nr>185</nr>
<accID>4850</accID>
<docRef>1</docRef>
<effDate>2017-01-31</effDate>
<desc>050 Inventaris</desc>
<amnt>275.00</amnt>
<amntTp>D</amntTp></trLine>
<trLine>
<nr>186</nr>
<accID>0150</accID>
<docRef>2</docRef>
<effDate>2017-01-31</effDate>
<desc>Automat. afschrijving per. 1</desc>
<amnt>275.00</amnt>
<amntTp>C</amntTp></trLine></transaction>
<transaction>
<nr>2-2</nr>
<desc>020 Bedrijfsgebouwen</desc>
<periodNumber>2</periodNumber>
<trDt>2017-02-28</trDt>
<amnt>0.00</amnt>
<amntTp>D</amntTp>
<trLine>
<nr>171</nr>
<accID>4820</accID>
<docRef>1</docRef>
<effDate>2017-02-28</effDate>
<desc>020 Bedrijfsgebouwen</desc>
<amnt>790.00</amnt>
<amntTp>D</amntTp></trLine>
<trLine>
<nr>172</nr>
<accID>0120</accID>
<docRef>2</docRef>
<effDate>2017-02-28</effDate>
<desc>Automat. afschrijving per. 2</desc>
<amnt>790.00</amnt>
<amntTp>C</amntTp></trLine>
<trLine>
<nr>175</nr>
<accID>4830</accID>
<docRef>1</docRef>
<effDate>2017-02-28</effDate>
<desc>030 Computers en software</desc>
<amnt>99.00</amnt>
<amntTp>D</amntTp></trLine>
<trLine>
<nr>176</nr>
<accID>0130</accID>
<docRef>2</docRef>
<effDate>2017-02-28</effDate>
<desc>Automat. afschrijving per. 2</desc>
<amnt>99.00</amnt>
<amntTp>C</amntTp></trLine>
<trLine>
<nr>179</nr>
<accID>4835</accID>
<docRef>1</docRef>
<effDate>2017-02-28</effDate>
<desc>035 Machines en installaties</desc>
<amnt>1347.00</amnt>
<amntTp>D</amntTp></trLine>
<trLine>
<nr>180</nr>
<accID>0135</accID>
<docRef>2</docRef>
<effDate>2017-02-28</effDate>
<desc>Automat. afschrijving per. 2</desc>
<amnt>1347.00</amnt>
<amntTp>C</amntTp></trLine>
<trLine>
<nr>183</nr>
<accID>4840</accID>
<docRef>1</docRef>
<effDate>2017-02-28</effDate>
<desc>040 Transportmiddelen</desc>
<amnt>1303.00</amnt>
<amntTp>D</amntTp></trLine>
<trLine>
<nr>184</nr>
<accID>0140</accID>
<docRef>2</docRef>
<effDate>2017-02-28</effDate>
<desc>Automat. afschrijving per. 2</desc>
<amnt>1303.00</amnt>
<amntTp>C</amntTp></trLine>
<trLine>
<nr>187</nr>
<accID>4850</accID>
<docRef>1</docRef>
<effDate>2017-02-28</effDate>
<desc>050 Inventaris</desc>
<amnt>248.00</amnt>
<amntTp>D</amntTp></trLine>
<trLine>
<nr>188</nr>
<accID>0150</accID>
<docRef>2</docRef>
<effDate>2017-02-28</effDate>
<desc>Automat. afschrijving per. 2</desc>
<amnt>248.00</amnt>
<amntTp>C</amntTp></trLine></transaction></journal>
<journal>
<jrnID>AA</jrnID>
<desc>ABN AMRO BANK</desc>
<jrnTp>B</jrnTp>
<offsetAccID>1200</offsetAccID>
<bankAccNr>614973465</bankAccNr>
<transaction>
<nr>2-1</nr>
<periodNumber>2</periodNumber>
<trDt>2017-02-15</trDt>
<amnt>0.00</amnt>
<amntTp>D</amntTp>
<trLine>
<nr>3</nr>
<accID>1200</accID>
<docRef>1</docRef>
<effDate>2017-02-15</effDate>
<amnt>76.20</amnt>
<amntTp>D</amntTp></trLine>
<trLine>
<nr>4</nr>
<accID>1300</accID>
<docRef>2</docRef>
<effDate>2017-02-15</effDate>
<desc>Van Haaften International B.V.</desc>
<amnt>76.20</amnt>
<amntTp>C</amntTp>
<custSupID>D1003</custSupID>
<invRef>20170025</invRef></trLine></transaction></journal>
<journal>
<jrnID>I</jrnID>
<desc>Inkoopboek</desc>
<jrnTp>P</jrnTp>
<offsetAccID>7090</offsetAccID>
<transaction>
<nr>1-1</nr>
<desc>Ass.kantoor ""OP GOED GELUK""</desc>
<periodNumber>1</periodNumber>
<trDt>2017-01-04</trDt>
<amnt>0.00</amnt>
<amntTp>D</amntTp>
<trLine>
<nr>1</nr>
<accID>1600</accID>
<docRef>1</docRef>
<effDate>2017-01-04</effDate>
<desc>Ass.kantoor ""OP GOED GELUK""</desc>
<amnt>132.77</amnt>
<amntTp>C</amntTp>
<custSupID>C7013</custSupID>
<invRef>20170001</invRef></trLine>
<trLine>
<nr>2</nr>
<accID>4750</accID>
<docRef>3</docRef>
<effDate>2017-01-04</effDate>
<desc>Diverse premies</desc>
<amnt>132.77</amnt>
<amntTp>D</amntTp>
<custSupID>C7013</custSupID>
<invRef>20170001</invRef></trLine></transaction>
<transaction>
<nr>1-2</nr>
<desc>Cadeau-actie</desc>
<periodNumber>1</periodNumber>
<trDt>2017-01-06</trDt>
<amnt>0.00</amnt>
<amntTp>D</amntTp>
<trLine>
<nr>131</nr>
<accID>1600</accID>
<docRef>4</docRef>
<effDate>2017-01-06</effDate>
<desc>Cadeau-actie</desc>
<amnt>176.66</amnt>
<amntTp>C</amntTp>
<custSupID>C7005</custSupID>
<invRef>20170002</invRef></trLine>
<trLine>
<nr>132</nr>
<accID>1710</accID>
<docRef>5</docRef>
<effDate>2017-01-06</effDate>
<desc>Cadeau-actie</desc>
<amnt>30.66</amnt>
<amntTp>D</amntTp>
<custSupID>C7005</custSupID>
<invRef>20170002</invRef></trLine>
<trLine>
<nr>133</nr>
<accID>7010</accID>
<docRef>6</docRef>
<effDate>2017-01-06</effDate>
<desc>Cadeau-actie 10 potten 15cm</desc>
<amnt>146.00</amnt>
<amntTp>D</amntTp>
<custSupID>C7005</custSupID>
<invRef>20170002</invRef>
<vat>
<vatID>2</vatID>
<vatPerc>21.000</vatPerc>
<vatAmnt>30.66</vatAmnt>
<vatAmntTp>D</vatAmntTp></vat></trLine></transaction>
<transaction>
<nr>1-3</nr>
<desc>Tuingereedschap</desc>
<periodNumber>1</periodNumber>
<trDt>2017-01-06</trDt>
<amnt>0.00</amnt>
<amntTp>D</amntTp>
<trLine>
<nr>134</nr>
<accID>1600</accID>
<docRef>4</docRef>
<effDate>2017-01-06</effDate>
<desc>Tuingereedschap</desc>
<amnt>644.33</amnt>
<amntTp>C</amntTp>
<custSupID>C7001</custSupID>
<invRef>20170003</invRef></trLine>
<trLine>
<nr>135</nr>
<accID>1710</accID>
<docRef>5</docRef>
<effDate>2017-01-06</effDate>
<desc>Tuingereedschap</desc>
<amnt>111.83</amnt>
<amntTp>D</amntTp>
<custSupID>C7001</custSupID>
<invRef>20170003</invRef></trLine>
<trLine>
<nr>136</nr>
<accID>7030</accID>
<docRef>6</docRef>
<effDate>2017-01-06</effDate>
<desc>Bladhark 'Autumn' 50st</desc>
<amnt>532.50</amnt>
<amntTp>D</amntTp>
<custSupID>C7001</custSupID>
<invRef>20170003</invRef>
<vat>
<vatID>2</vatID>
<vatPerc>21.000</vatPerc>
<vatAmnt>111.83</vatAmnt>
<vatAmntTp>D</vatAmntTp></vat></trLine></transaction>
<transaction>
<nr>1-4</nr>
<desc>Flyer voorjaar 2017</desc>
<periodNumber>1</periodNumber>
<trDt>2017-01-07</trDt>
<amnt>0.00</amnt>
<amntTp>D</amntTp>
<trLine>
<nr>20</nr>
<accID>1600</accID>
<docRef>1</docRef>
<effDate>2017-01-07</effDate>
<desc>Flyer voorjaar 2017</desc>
<amnt>453.97</amnt>
<amntTp>C</amntTp>
<custSupID>C7002</custSupID>
<invRef>20170004</invRef></trLine>
<trLine>
<nr>21</nr>
<accID>1710</accID>
<docRef>2</docRef>
<effDate>2017-01-07</effDate>
<desc>Flyer voorjaar 2017</desc>
<amnt>78.79</amnt>
<amntTp>D</amntTp>
<custSupID>C7002</custSupID>
<invRef>20170004</invRef></trLine>
<trLine>
<nr>22</nr>
<accID>3090</accID>
<docRef>3</docRef>
<effDate>2017-01-07</effDate>
<desc>Flyer voorjaar 2017</desc>
<amnt>375.18</amnt>
<amntTp>D</amntTp>
<custSupID>C7002</custSupID>
<invRef>20170004</invRef>
<vat>
<vatID>2</vatID>
<vatPerc>21.000</vatPerc>
<vatAmnt>78.79</vatAmnt>
<vatAmntTp>D</vatAmntTp></vat></trLine></transaction>
<transaction>
<nr>1-5</nr>
<desc>Ass.kantoor ""OP GOED GELUK""</desc>
<periodNumber>1</periodNumber>
<trDt>2017-01-07</trDt>
<amnt>0.00</amnt>
<amntTp>D</amntTp>
<trLine>
<nr>23</nr>
<accID>1600</accID>
<docRef>1</docRef>
<effDate>2017-01-07</effDate>
<desc>Ass.kantoor ""OP GOED GELUK""</desc>
<amnt>157.12</amnt>
<amntTp>C</amntTp>
<custSupID>C7013</custSupID>
<invRef>20170005</invRef></trLine>
<trLine>
<nr>24</nr>
<accID>4750</accID>
<docRef>3</docRef>
<effDate>2017-01-07</effDate>
<desc>Diverse kwartaalpremies</desc>
<amnt>157.12</amnt>
<amntTp>D</amntTp>
<custSupID>C7013</custSupID>
<invRef>20170005</invRef></trLine></transaction>
<transaction>
<nr>1-6</nr>
<desc>Grondhark 'Wolf'</desc>
<periodNumber>1</periodNumber>
<trDt>2017-01-08</trDt>
<amnt>0.00</amnt>
<amntTp>D</amntTp>
<trLine>
<nr>137</nr>
<accID>1600</accID>
<docRef>4</docRef>
<effDate>2017-01-08</effDate>
<desc>Grondhark 'Wolf'</desc>
<amnt>143.99</amnt>
<amntTp>C</amntTp>
<custSupID>C7001</custSupID>
<invRef>20170006</invRef></trLine>
<trLine>
<nr>138</nr>
<accID>1710</accID>
<docRef>5</docRef>
<effDate>2017-01-08</effDate>
<desc>Grondhark 'Wolf'</desc>
<amnt>24.99</amnt>
<amntTp>D</amntTp>
<custSupID>C7001</custSupID>
<invRef>20170006</invRef></trLine>
<trLine>
<nr>139</nr>
<accID>7030</accID>
<docRef>6</docRef>
<effDate>2017-01-08</effDate>
<desc>Grondhark 'Wolf' 10 st</desc>
<amnt>119.00</amnt>
<amntTp>D</amntTp>
<custSupID>C7001</custSupID>
<invRef>20170006</invRef>
<vat>
<vatID>2</vatID>
<vatPerc>21.000</vatPerc>
<vatAmnt>24.99</vatAmnt>
<vatAmntTp>D</vatAmntTp></vat></trLine></transaction>
<transaction>
<nr>1-7</nr>
<desc>Ass.kantoor ""OP GOED GELUK""</desc>
<periodNumber>1</periodNumber>
<trDt>2017-01-09</trDt>
<amnt>0.00</amnt>
<amntTp>D</amntTp>
<trLine>
<nr>25</nr>
<accID>1600</accID>
<docRef>1</docRef>
<effDate>2017-01-09</effDate>
<desc>Ass.kantoor ""OP GOED GELUK""</desc>
<amnt>121.00</amnt>
<amntTp>C</amntTp>
<custSupID>C7013</custSupID>
<invRef>20170007</invRef></trLine>
<trLine>
<nr>26</nr>
<accID>1710</accID>
<docRef>2</docRef>
<effDate>2017-01-09</effDate>
<desc>Ass.kantoor ""OP GOED GELUK""</desc>
<amnt>21.00</amnt>
<amntTp>D</amntTp>
<custSupID>C7013</custSupID>
<invRef>20170007</invRef></trLine>
<trLine>
<nr>27</nr>
<accID>4750</accID>
<docRef>3</docRef>
<effDate>2017-01-09</effDate>
<desc>Verleende diensten</desc>
<amnt>100.00</amnt>
<amntTp>D</amntTp>
<custSupID>C7013</custSupID>
<invRef>20170007</invRef>
<vat>
<vatID>2</vatID>
<vatPerc>21.000</vatPerc>
<vatAmnt>21.00</vatAmnt>
<vatAmntTp>D</vatAmntTp></vat></trLine></transaction>
<transaction>
<nr>1-8</nr>
<desc>Maandnota energie</desc>
<periodNumber>1</periodNumber>
<trDt>2017-01-10</trDt>
<amnt>0.00</amnt>
<amntTp>D</amntTp>
<trLine>
<nr>106</nr>
<accID>1600</accID>
<docRef>1</docRef>
<effDate>2017-01-10</effDate>
<desc>Maandnota energie</desc>
<amnt>234.86</amnt>
<amntTp>C</amntTp>
<custSupID>C7006</custSupID>
<invRef>20170008</invRef></trLine>
<trLine>
<nr>107</nr>
<accID>1710</accID>
<docRef>2</docRef>
<effDate>2017-01-10</effDate>
<desc>Maandnota energie</desc>
<amnt>40.76</amnt>
<amntTp>D</amntTp>
<custSupID>C7006</custSupID>
<invRef>20170008</invRef></trLine>
<trLine>
<nr>108</nr>
<accID>4170</accID>
<docRef>3</docRef>
<effDate>2017-01-10</effDate>
<desc>Maandkosten januari elektra</desc>
<amnt>115.30</amnt>
<amntTp>D</amntTp>
<custSupID>C7006</custSupID>
<invRef>20170008</invRef>
<vat>
<vatID>2</vatID>
<vatPerc>21.000</vatPerc>
<vatAmnt>24.21</vatAmnt>
<vatAmntTp>D</vatAmntTp></vat></trLine>
<trLine>
<nr>109</nr>
<accID>4170</accID>
<docRef>4</docRef>
<effDate>2017-01-10</effDate>
<desc>Maandkosten januari gas</desc>
<amnt>78.80</amnt>
<amntTp>D</amntTp>
<custSupID>C7006</custSupID>
<invRef>20170008</invRef>
<vat>
<vatID>2</vatID>
<vatPerc>21.000</vatPerc>
<vatAmnt>16.55</vatAmnt>
<vatAmntTp>D</vatAmntTp></vat></trLine></transaction>
<transaction>
<nr>1-9</nr>
<desc>Firma Muller's Kantoorbenodigd</desc>
<periodNumber>1</periodNumber>
<trDt>2017-01-12</trDt>
<amnt>0.00</amnt>
<amntTp>D</amntTp>
<trLine>
<nr>124</nr>
<accID>1600</accID>
<docRef>1</docRef>
<effDate>2017-01-12</effDate>
<desc>Firma Muller's Kantoorbenodigd</desc>
<amnt>473.11</amnt>
<amntTp>C</amntTp>
<custSupID>C7008</custSupID>
<invRef>20170009</invRef></trLine>
<trLine>
<nr>125</nr>
<accID>1710</accID>
<docRef>2</docRef>
<effDate>2017-01-12</effDate>
<desc>Firma Muller's Kantoorbenodigd</desc>
<amnt>82.11</amnt>
<amntTp>D</amntTp>
<custSupID>C7008</custSupID>
<invRef>20170009</invRef></trLine>
<trLine>
<nr>126</nr>
<accID>4300</accID>
<docRef>3</docRef>
<effDate>2017-01-12</effDate>
<desc>Bureaulampen</desc>
<amnt>256.25</amnt>
<amntTp>D</amntTp>
<custSupID>C7008</custSupID>
<invRef>20170009</invRef>
<vat>
<vatID>2</vatID>
<vatPerc>21.000</vatPerc>
<vatAmnt>53.81</vatAmnt>
<vatAmntTp>D</vatAmntTp></vat></trLine>
<trLine>
<nr>127</nr>
<accID>4300</accID>
<docRef>4</docRef>
<effDate>2017-01-12</effDate>
<desc>Whiteboard</desc>
<amnt>134.75</amnt>
<amntTp>D</amntTp>
<custSupID>C7008</custSupID>
<invRef>20170009</invRef>
<vat>
<vatID>2</vatID>
<vatPerc>21.000</vatPerc>
<vatAmnt>28.30</vatAmnt>
<vatAmntTp>D</vatAmntTp></vat></trLine>
<trLine>
<nr>140</nr>
<accID>1600</accID>
<docRef>4</docRef>
<effDate>2017-01-18</effDate>
<desc>De Terrafirm B.V.</desc>
<amnt>127.66</amnt>
<amntTp>C</amntTp>
<custSupID>C7014</custSupID>
<invRef>20170010</invRef></trLine>
<trLine>
<nr>141</nr>
<accID>1710</accID>
<docRef>5</docRef>
<effDate>2017-01-18</effDate>
<desc>De Terrafirm B.V.</desc>
<amnt>22.16</amnt>
<amntTp>D</amntTp>
<custSupID>C7014</custSupID>
<invRef>20170010</invRef></trLine>
<trLine>
<nr>142</nr>
<accID>7040</accID>
<docRef>6</docRef>
<effDate>2017-01-18</effDate>
<desc>Tuinscherm 'Classic' 2 st</desc>
<amnt>105.50</amnt>
<amntTp>D</amntTp>
<custSupID>C7014</custSupID>
<invRef>20170010</invRef>
<vat>
<vatID>2</vatID>
<vatPerc>21.000</vatPerc>
<vatAmnt>22.16</vatAmnt>
<vatAmntTp>D</vatAmntTp></vat></trLine></transaction>
<transaction>
<nr>1-10</nr>
<desc>De Terrafirm B.V.</desc>
<periodNumber>1</periodNumber>
<trDt>2017-01-20</trDt>
<amnt>0.00</amnt>
<amntTp>D</amntTp>
<trLine>
<nr>143</nr>
<accID>1600</accID>
<docRef>5</docRef>
<effDate>2017-01-20</effDate>
<desc>De Terrafirm B.V.</desc>
<amnt>383.57</amnt>
<amntTp>C</amntTp>
<custSupID>C7014</custSupID>
<invRef>20170011</invRef></trLine>
<trLine>
<nr>144</nr>
<accID>1710</accID>
<docRef>6</docRef>
<effDate>2017-01-20</effDate>
<desc>De Terrafirm B.V.</desc>
<amnt>66.57</amnt>
<amntTp>D</amntTp>
<custSupID>C7014</custSupID>
<invRef>20170011</invRef></trLine>
<trLine>
<nr>145</nr>
<accID>7010</accID>
<docRef>7</docRef>
<effDate>2017-01-20</effDate>
<desc>Terracottapot 15cm 10 st</desc>
<amnt>165.00</amnt>
<amntTp>D</amntTp>
<custSupID>C7014</custSupID>
<invRef>20170011</invRef>
<vat>
<vatID>2</vatID>
<vatPerc>21.000</vatPerc>
<vatAmnt>34.65</vatAmnt>
<vatAmntTp>D</vatAmntTp></vat></trLine>
<trLine>
<nr>146</nr>
<accID>7010</accID>
<docRef>8</docRef>
<effDate>2017-01-20</effDate>
<desc>Terracottaschaal 15cm 10 st</desc>
<amnt>152.00</amnt>
<amntTp>D</amntTp>
<custSupID>C7014</custSupID>
<invRef>20170011</invRef>
<vat>
<vatID>2</vatID>
<vatPerc>21.000</vatPerc>
<vatAmnt>31.92</vatAmnt>
<vatAmntTp>D</vatAmntTp></vat></trLine></transaction>
<transaction>
<nr>2-11</nr>
<desc>L. de Lange Aardewerk</desc>
<periodNumber>2</periodNumber>
<trDt>2017-02-05</trDt>
<amnt>0.00</amnt>
<amntTp>D</amntTp>
<trLine>
<nr>151</nr>
<accID>1600</accID>
<docRef>4</docRef>
<effDate>2017-02-05</effDate>
<desc>L. de Lange Aardewerk</desc>
<amnt>266.20</amnt>
<amntTp>C</amntTp>
<custSupID>C7005</custSupID>
<invRef>20170013</invRef></trLine>
<trLine>
<nr>152</nr>
<accID>1710</accID>
<docRef>5</docRef>
<effDate>2017-02-05</effDate>
<desc>L. de Lange Aardewerk</desc>
<amnt>46.20</amnt>
<amntTp>D</amntTp>
<custSupID>C7005</custSupID>
<invRef>20170013</invRef></trLine>
<trLine>
<nr>153</nr>
<accID>7010</accID>
<docRef>6</docRef>
<effDate>2017-02-05</effDate>
<desc>Terrapotten 15cm 10st</desc>
<amnt>220.00</amnt>
<amntTp>D</amntTp>
<custSupID>C7005</custSupID>
<invRef>20170013</invRef>
<vat>
<vatID>2</vatID>
<vatPerc>21.000</vatPerc>
<vatAmnt>46.20</vatAmnt>
<vatAmntTp>D</vatAmntTp></vat></trLine>
<trLine>
<nr>154</nr>
<accID>1600</accID>
<docRef>4</docRef>
<effDate>2017-02-17</effDate>
<desc>De Terrafirm B.V.</desc>
<amnt>181.50</amnt>
<amntTp>C</amntTp>
<custSupID>C7014</custSupID>
<invRef>20170014</invRef></trLine>
<trLine>
<nr>155</nr>
<accID>1710</accID>
<docRef>5</docRef>
<effDate>2017-02-17</effDate>
<desc>De Terrafirm B.V.</desc>
<amnt>31.50</amnt>
<amntTp>D</amntTp>
<custSupID>C7014</custSupID>
<invRef>20170014</invRef></trLine>
<trLine>
<nr>156</nr>
<accID>7040</accID>
<docRef>6</docRef>
<effDate>2017-02-17</effDate>
<desc>Tuinscherm 'Rondo' 2 st</desc>
<amnt>150.00</amnt>
<amntTp>D</amntTp>
<custSupID>C7014</custSupID>
<invRef>20170014</invRef>
<vat>
<vatID>2</vatID>
<vatPerc>21.000</vatPerc>
<vatAmnt>31.50</vatAmnt>
<vatAmntTp>D</vatAmntTp></vat></trLine></transaction>
<transaction>
<nr>2-12</nr>
<desc>De Terrafirm B.V.</desc>
<periodNumber>2</periodNumber>
<trDt>2017-02-16</trDt>
<amnt>0.00</amnt>
<amntTp>D</amntTp>
<trLine>
<nr>147</nr>
<accID>1600</accID>
<docRef>5</docRef>
<effDate>2017-02-16</effDate>
<desc>De Terrafirm B.V.</desc>
<amnt>488.84</amnt>
<amntTp>C</amntTp>
<custSupID>C7014</custSupID>
<invRef>20170012</invRef></trLine>
<trLine>
<nr>148</nr>
<accID>1710</accID>
<docRef>6</docRef>
<effDate>2017-02-16</effDate>
<desc>De Terrafirm B.V.</desc>
<amnt>84.84</amnt>
<amntTp>D</amntTp>
<custSupID>C7014</custSupID>
<invRef>20170012</invRef></trLine>
<trLine>
<nr>149</nr>
<accID>7020</accID>
<docRef>7</docRef>
<effDate>2017-02-16</effDate>
<desc>Parasol Hawaï grijs 1st</desc>
<amnt>229.00</amnt>
<amntTp>D</amntTp>
<custSupID>C7014</custSupID>
<invRef>20170012</invRef>
<vat>
<vatID>2</vatID>
<vatPerc>21.000</vatPerc>
<vatAmnt>48.09</vatAmnt>
<vatAmntTp>D</vatAmntTp></vat></trLine>
<trLine>
<nr>150</nr>
<accID>7020</accID>
<docRef>8</docRef>
<effDate>2017-02-16</effDate>
<desc>Madison Parasol 350 cm 1st</desc>
<amnt>175.00</amnt>
<amntTp>D</amntTp>
<custSupID>C7014</custSupID>
<invRef>20170012</invRef>
<vat>
<vatID>2</vatID>
<vatPerc>21.000</vatPerc>
<vatAmnt>36.75</vatAmnt>
<vatAmntTp>D</vatAmntTp></vat></trLine></transaction>
<transaction>
<nr>1-13</nr>
<desc>Merit Garden Products Ltd</desc>
<periodNumber>1</periodNumber>
<trDt>2017-01-27</trDt>
<amnt>0.00</amnt>
<amntTp>D</amntTp>
<trLine>
<nr>205</nr>
<accID>1600</accID>
<docRef>7</docRef>
<effDate>2017-01-27</effDate>
<desc>Merit Garden Products Ltd</desc>
<amnt>140.19</amnt>
<amntTp>C</amntTp>
<custSupID>C7004</custSupID>
<invRef>20170016</invRef>
<currency>
<curCode>GBP</curCode>
<curAmnt>120.00</curAmnt></currency></trLine>
<trLine>
<nr>206</nr>
<accID>1710</accID>
<docRef>8</docRef>
<effDate>2017-01-27</effDate>
<desc>Merit Garden Products Ltd</desc>
<amnt>8.41</amnt>
<amntTp>D</amntTp>
<custSupID>C7004</custSupID>
<invRef>20170016</invRef>
<currency>
<curCode>GBP</curCode>
<curAmnt>7.20</curAmnt></currency></trLine>
<trLine>
<nr>207</nr>
<accID>1770</accID>
<docRef>8</docRef>
<effDate>2017-01-27</effDate>
<desc>Merit Garden Products Ltd</desc>
<amnt>8.41</amnt>
<amntTp>C</amntTp>
<custSupID>C7004</custSupID>
<invRef>20170016</invRef>
<currency>
<curCode>GBP</curCode>
<curAmnt>7.20</curAmnt></currency></trLine>
<trLine>
<nr>208</nr>
<accID>7000</accID>
<docRef>9</docRef>
<effDate>2017-01-27</effDate>
<desc>Yucca-stekken 10 kg</desc>
<amnt>140.19</amnt>
<amntTp>D</amntTp>
<custSupID>C7004</custSupID>
<invRef>20170016</invRef>
<currency>
<curCode>GBP</curCode>
<curAmnt>120.00</curAmnt></currency></trLine></transaction>
<transaction>
<nr>1-14</nr>
<desc>McDonall Douglas Co.</desc>
<periodNumber>1</periodNumber>
<trDt>2017-01-11</trDt>
<amnt>0.00</amnt>
<amntTp>D</amntTp>
<trLine>
<nr>161</nr>
<accID>1610</accID>
<docRef>4</docRef>
<effDate>2017-01-11</effDate>
<desc>McDonall Douglas Co.</desc>
<amnt>732.60</amnt>
<amntTp>C</amntTp>
<custSupID>C7010</custSupID>
<invRef>20170017</invRef>
<currency>
<curCode>USD</curCode>
<curAmnt>1000.00</curAmnt></currency></trLine>
<trLine>
<nr>162</nr>
<accID>7050</accID>
<docRef>6</docRef>
<effDate>2017-01-11</effDate>
<desc>Vijver Lobelia SII 9 st</desc>
<amnt>732.60</amnt>
<amntTp>D</amntTp>
<custSupID>C7010</custSupID>
<invRef>20170017</invRef>
<currency>
<curCode>USD</curCode>
<curAmnt>1000.00</curAmnt></currency></trLine>
<trLine>
<nr>165</nr>
<accID>1600</accID>
<docRef>4</docRef>
<effDate>2017-01-25</effDate>
<desc>Janssens &amp; Zn B.V. Plantenkwek</desc>
<amnt>1770.20</amnt>
<amntTp>C</amntTp>
<custSupID>C7011</custSupID>
<invRef>20170019</invRef></trLine>
<trLine>
<nr>166</nr>
<accID>1710</accID>
<docRef>5</docRef>
<effDate>2017-01-25</effDate>
<desc>Janssens &amp; Zn B.V. Plantenkwek</desc>
<amnt>100.20</amnt>
<amntTp>D</amntTp>
<custSupID>C7011</custSupID>
<invRef>20170019</invRef></trLine>
<trLine>
<nr>167</nr>
<accID>7000</accID>
<docRef>6</docRef>
<effDate>2017-01-25</effDate>
<desc>Yucca stekken en zaden</desc>
<amnt>1670.00</amnt>
<amntTp>D</amntTp>
<custSupID>C7011</custSupID>
<invRef>20170019</invRef>
<vat>
<vatID>1</vatID>
<vatPerc>6.000</vatPerc>
<vatAmnt>100.20</vatAmnt>
<vatAmntTp>D</vatAmntTp></vat></trLine></transaction>
<transaction>
<nr>2-14</nr>
<desc>McDonall Douglas Co.</desc>
<periodNumber>2</periodNumber>
<trDt>2017-02-06</trDt>
<amnt>0.00</amnt>
<amntTp>D</amntTp>
<trLine>
<nr>163</nr>
<accID>1610</accID>
<docRef>4</docRef>
<effDate>2017-02-06</effDate>
<desc>McDonall Douglas Co.</desc>
<amnt>366.30</amnt>
<amntTp>C</amntTp>
<custSupID>C7010</custSupID>
<invRef>20170018</invRef>
<currency>
<curCode>USD</curCode>
<curAmnt>500.00</curAmnt></currency></trLine>
<trLine>
<nr>164</nr>
<accID>7020</accID>
<docRef>6</docRef>
<effDate>2017-02-06</effDate>
<desc>Parasol Madison 3st</desc>
<amnt>366.30</amnt>
<amntTp>D</amntTp>
<custSupID>C7010</custSupID>
<invRef>20170018</invRef>
<currency>
<curCode>USD</curCode>
<curAmnt>500.00</curAmnt></currency></trLine></transaction>
<transaction>
<nr>2-15</nr>
<desc>Flyer juni 2017</desc>
<periodNumber>2</periodNumber>
<trDt>2017-02-07</trDt>
<amnt>0.00</amnt>
<amntTp>D</amntTp>
<trLine>
<nr>171</nr>
<accID>1600</accID>
<docRef>4</docRef>
<effDate>2017-02-07</effDate>
<desc>Flyer juni 2017</desc>
<amnt>247.34</amnt>
<amntTp>C</amntTp>
<custSupID>C7002</custSupID>
<invRef>20170022</invRef></trLine>
<trLine>
<nr>172</nr>
<accID>1710</accID>
<docRef>5</docRef>
<effDate>2017-02-07</effDate>
<desc>Flyer juni 2017</desc>
<amnt>14.00</amnt>
<amntTp>D</amntTp>
<custSupID>C7002</custSupID>
<invRef>20170022</invRef></trLine>
<trLine>
<nr>173</nr>
<accID>4330</accID>
<docRef>6</docRef>
<effDate>2017-02-07</effDate>
<desc>Flyer juni 2017</desc>
<amnt>233.34</amnt>
<amntTp>D</amntTp>
<custSupID>C7002</custSupID>
<invRef>20170022</invRef>
<vat>
<vatID>1</vatID>
<vatPerc>6.000</vatPerc>
<vatAmnt>14.00</vatAmnt>
<vatAmntTp>D</vatAmntTp></vat></trLine></transaction>
<transaction>
<nr>2-16</nr>
<desc>Factuurnummer 445453</desc>
<periodNumber>2</periodNumber>
<trDt>2017-02-10</trDt>
<amnt>0.00</amnt>
<amntTp>D</amntTp>
<trLine>
<nr>168</nr>
<accID>1600</accID>
<docRef>4</docRef>
<effDate>2017-02-10</effDate>
<desc>Factuurnummer 445453</desc>
<amnt>3598.00</amnt>
<amntTp>C</amntTp>
<custSupID>C7005</custSupID>
<invRef>20170020</invRef></trLine>
<trLine>
<nr>169</nr>
<accID>1710</accID>
<docRef>5</docRef>
<effDate>2017-02-10</effDate>
<desc>Factuurnummer 445453</desc>
<amnt>624.45</amnt>
<amntTp>D</amntTp>
<custSupID>C7005</custSupID>
<invRef>20170020</invRef></trLine>
<trLine>
<nr>170</nr>
<accID>7090</accID>
<docRef>6</docRef>
<effDate>2017-02-10</effDate>
<desc>Factuurnummer 445453</desc>
<amnt>2973.55</amnt>
<amntTp>D</amntTp>
<custSupID>C7005</custSupID>
<invRef>20170020</invRef>
<vat>
<vatID>2</vatID>
<vatPerc>21.000</vatPerc>
<vatAmnt>624.45</vatAmnt>
<vatAmntTp>D</vatAmntTp></vat></trLine></transaction>
<transaction>
<nr>1-17</nr>
<desc>Factuur 445455</desc>
<periodNumber>1</periodNumber>
<trDt>2017-01-18</trDt>
<amnt>0.00</amnt>
<amntTp>D</amntTp>
<trLine>
<nr>100</nr>
<accID>1600</accID>
<docRef>1</docRef>
<effDate>2017-01-18</effDate>
<desc>Factuur 445455</desc>
<amnt>50.00</amnt>
<amntTp>C</amntTp>
<custSupID>C7005</custSupID>
<invRef>20170021</invRef></trLine>
<trLine>
<nr>101</nr>
<accID>1710</accID>
<docRef>2</docRef>
<effDate>2017-01-18</effDate>
<desc>Factuur 445455</desc>
<amnt>8.68</amnt>
<amntTp>D</amntTp>
<custSupID>C7005</custSupID>
<invRef>20170021</invRef></trLine>
<trLine>
<nr>102</nr>
<accID>3090</accID>
<docRef>3</docRef>
<effDate>2017-01-18</effDate>
<desc>Factuurnummer 445455</desc>
<amnt>41.32</amnt>
<amntTp>D</amntTp>
<custSupID>C7005</custSupID>
<invRef>20170021</invRef>
<vat>
<vatID>2</vatID>
<vatPerc>21.000</vatPerc>
<vatAmnt>8.68</vatAmnt>
<vatAmntTp>D</vatAmntTp></vat></trLine></transaction>
<transaction>
<nr>2-21</nr>
<desc>Cornel's Tuinartikelen</desc>
<periodNumber>2</periodNumber>
<trDt>2017-02-28</trDt>
<amnt>0.00</amnt>
<amntTp>D</amntTp>
<trLine>
<nr>209</nr>
<accID>1600</accID>
<docRef>1</docRef>
<effDate>2017-02-28</effDate>
<desc>Cornel's Tuinartikelen</desc>
<amnt>413.40</amnt>
<amntTp>C</amntTp>
<custSupID>C7001</custSupID>
<invRef>20170026</invRef></trLine>
<trLine>
<nr>210</nr>
<accID>1710</accID>
<docRef>2</docRef>
<effDate>2017-02-28</effDate>
<desc>Cornel's Tuinartikelen</desc>
<amnt>23.40</amnt>
<amntTp>D</amntTp>
<custSupID>C7001</custSupID>
<invRef>20170026</invRef></trLine>
<trLine>
<nr>211</nr>
<accID>4091</accID>
<docRef>3</docRef>
<effDate>2017-02-28</effDate>
<desc>Voorjaarsboeket Personeel</desc>
<amnt>390.00</amnt>
<amntTp>D</amntTp>
<custSupID>C7001</custSupID>
<invRef>20170026</invRef>
<vat>
<vatID>1</vatID>
<vatPerc>6.000</vatPerc>
<vatAmnt>23.40</vatAmnt>
<vatAmntTp>D</vatAmntTp></vat></trLine></transaction>
<transaction>
<nr>2-22</nr>
<desc>Fact 006538</desc>
<periodNumber>2</periodNumber>
<trDt>2017-02-24</trDt>
<amnt>0.00</amnt>
<amntTp>D</amntTp>
<trLine>
<nr>194</nr>
<accID>1600</accID>
<docRef>1</docRef>
<effDate>2017-02-24</effDate>
<desc>Fact 006538</desc>
<amnt>816.75</amnt>
<amntTp>C</amntTp>
<custSupID>C7009</custSupID>
<invRef>20170024</invRef></trLine>
<trLine>
<nr>195</nr>
<accID>1710</accID>
<docRef>2</docRef>
<effDate>2017-02-24</effDate>
<desc>Fact 006538</desc>
<amnt>141.75</amnt>
<amntTp>D</amntTp>
<custSupID>C7009</custSupID>
<invRef>20170024</invRef></trLine>
<trLine>
<nr>196</nr>
<accID>7090</accID>
<docRef>3</docRef>
<effDate>2017-02-24</effDate>
<desc>Dripsysteem 5l </desc>
<amnt>675.00</amnt>
<amntTp>D</amntTp>
<custSupID>C7009</custSupID>
<invRef>20170024</invRef>
<vat>
<vatID>2</vatID>
<vatPerc>21.000</vatPerc>
<vatAmnt>141.75</vatAmnt>
<vatAmntTp>D</vatAmntTp></vat></trLine>
<trLine>
<nr>197</nr>
<accID>1600</accID>
<docRef>1</docRef>
<effDate>2017-02-25</effDate>
<desc>22-2398509</desc>
<amnt>5347.87</amnt>
<amntTp>C</amntTp>
<custSupID>C7004</custSupID>
<invRef>20170025</invRef>
<currency>
<curCode>GBP</curCode>
<curAmnt>4577.78</curAmnt></currency></trLine>
<trLine>
<nr>198</nr>
<accID>1710</accID>
<docRef>2</docRef>
<effDate>2017-02-25</effDate>
<desc>22-2398509</desc>
<amnt>1123.05</amnt>
<amntTp>D</amntTp>
<custSupID>C7004</custSupID>
<invRef>20170025</invRef>
<currency>
<curCode>GBP</curCode>
<curAmnt>961.33</curAmnt></currency></trLine>
<trLine>
<nr>199</nr>
<accID>1770</accID>
<docRef>2</docRef>
<effDate>2017-02-25</effDate>
<desc>22-2398509</desc>
<amnt>1123.05</amnt>
<amntTp>C</amntTp>
<custSupID>C7004</custSupID>
<invRef>20170025</invRef>
<currency>
<curCode>GBP</curCode>
<curAmnt>961.33</curAmnt></currency></trLine>
<trLine>
<nr>200</nr>
<accID>7040</accID>
<docRef>3</docRef>
<effDate>2017-02-25</effDate>
<desc>22-2398509</desc>
<amnt>5347.87</amnt>
<amntTp>D</amntTp>
<custSupID>C7004</custSupID>
<invRef>20170025</invRef>
<currency>
<curCode>GBP</curCode>
<curAmnt>4577.78</curAmnt></currency></trLine>
<trLine>
<nr>201</nr>
<accID>1610</accID>
<docRef>4</docRef>
<effDate>2017-02-24</effDate>
<desc>Fact 140224-001</desc>
<amnt>3180.00</amnt>
<amntTp>C</amntTp>
<custSupID>C7003</custSupID>
<invRef>20170023</invRef></trLine>
<trLine>
<nr>202</nr>
<accID>1710</accID>
<docRef>5</docRef>
<effDate>2017-02-24</effDate>
<desc>Fact 140224-001</desc>
<amnt>667.80</amnt>
<amntTp>D</amntTp>
<custSupID>C7003</custSupID>
<invRef>20170023</invRef></trLine>
<trLine>
<nr>203</nr>
<accID>1770</accID>
<docRef>5</docRef>
<effDate>2017-02-24</effDate>
<desc>Fact 140224-001</desc>
<amnt>667.80</amnt>
<amntTp>C</amntTp>
<custSupID>C7003</custSupID>
<invRef>20170023</invRef></trLine>
<trLine>
<nr>204</nr>
<accID>7040</accID>
<docRef>6</docRef>
<effDate>2017-02-24</effDate>
<desc>Tuinmeubelen</desc>
<amnt>3180.00</amnt>
<amntTp>D</amntTp>
<custSupID>C7003</custSupID>
<invRef>20170023</invRef></trLine></transaction>
<transaction>
<nr>2-24</nr>
<desc>Factuur project 2012-103</desc>
<periodNumber>2</periodNumber>
<trDt>2017-02-01</trDt>
<amnt>0.00</amnt>
<amntTp>D</amntTp>
<trLine>
<nr>215</nr>
<accID>1600</accID>
<docRef>1</docRef>
<effDate>2017-02-01</effDate>
<desc>Factuur project 2012-103</desc>
<amnt>3502.95</amnt>
<amntTp>C</amntTp>
<custSupID>C7015</custSupID>
<invRef>20170027</invRef></trLine>
<trLine>
<nr>216</nr>
<accID>1710</accID>
<docRef>2</docRef>
<effDate>2017-02-01</effDate>
<desc>Factuur project 2012-103</desc>
<amnt>607.95</amnt>
<amntTp>D</amntTp>
<custSupID>C7015</custSupID>
<invRef>20170027</invRef></trLine>
<trLine>
<nr>217</nr>
<accID>6535</accID>
<docRef>3</docRef>
<effDate>2017-02-01</effDate>
<desc>Grondwerkzaamheden</desc>
<amnt>2895.00</amnt>
<amntTp>D</amntTp>
<custSupID>C7015</custSupID>
<invRef>20170027</invRef>
<projID>PR15-1012-03</projID>
<vat>
<vatID>2</vatID>
<vatPerc>21.000</vatPerc>
<vatAmnt>607.95</vatAmnt>
<vatAmntTp>D</vatAmntTp></vat></trLine></transaction></journal>
<journal>
<jrnID>ING</jrnID>
<desc>ING BANK</desc>
<jrnTp>B</jrnTp>
<offsetAccID>1110</offsetAccID>
<bankAccNr>661262286</bankAccNr>
<transaction>
<nr>2-2</nr>
<periodNumber>2</periodNumber>
<trDt>2017-02-24</trDt>
<amnt>0.00</amnt>
<amntTp>D</amntTp>
<trLine>
<nr>6</nr>
<accID>1110</accID>
<docRef>1</docRef>
<effDate>2017-02-24</effDate>
<amnt>652.19</amnt>
<amntTp>D</amntTp></trLine>
<trLine>
<nr>7</nr>
<accID>1300</accID>
<docRef>2</docRef>
<effDate>2017-02-24</effDate>
<desc>Steenplaza F. de Vries</desc>
<amnt>652.19</amnt>
<amntTp>C</amntTp>
<custSupID>D1014</custSupID>
<invRef>20170021</invRef></trLine></transaction>
<transaction>
<nr>2-3</nr>
<periodNumber>2</periodNumber>
<trDt>2017-02-24</trDt>
<amnt>0.00</amnt>
<amntTp>D</amntTp>
<trLine>
<nr>17</nr>
<accID>1110</accID>
<docRef>1</docRef>
<effDate>2017-02-24</effDate>
<amnt>181.50</amnt>
<amntTp>D</amntTp></trLine>
<trLine>
<nr>18</nr>
<accID>1300</accID>
<docRef>2</docRef>
<effDate>2017-02-24</effDate>
<desc>Van Bekkerem B.V.</desc>
<amnt>181.50</amnt>
<amntTp>C</amntTp>
<custSupID>D1001</custSupID>
<invRef>20170004</invRef></trLine></transaction>
<transaction>
<nr>2-4</nr>
<periodNumber>2</periodNumber>
<trDt>2017-02-24</trDt>
<amnt>0.00</amnt>
<amntTp>D</amntTp>
<trLine>
<nr>10</nr>
<accID>1110</accID>
<docRef>1</docRef>
<effDate>2017-02-24</effDate>
<amnt>2000.00</amnt>
<amntTp>D</amntTp></trLine>
<trLine>
<nr>11</nr>
<accID>1300</accID>
<docRef>2</docRef>
<effDate>2017-02-24</effDate>
<desc>Van Bekkerem B.V.</desc>
<amnt>2000.00</amnt>
<amntTp>C</amntTp>
<custSupID>D1001</custSupID>
<invRef>20170008</invRef></trLine></transaction>
<transaction>
<nr>2-5</nr>
<periodNumber>2</periodNumber>
<trDt>2017-02-28</trDt>
<amnt>0.00</amnt>
<amntTp>D</amntTp>
<trLine>
<nr>12</nr>
<accID>1110</accID>
<docRef>1</docRef>
<effDate>2017-02-28</effDate>
<amnt>2353.58</amnt>
<amntTp>D</amntTp></trLine>
<trLine>
<nr>13</nr>
<accID>1300</accID>
<docRef>2</docRef>
<effDate>2017-02-28</effDate>
<desc>Van Bekkerem B.V.</desc>
<amnt>2353.58</amnt>
<amntTp>C</amntTp>
<custSupID>D1001</custSupID>
<invRef>20170008</invRef></trLine></transaction>
<transaction>
<nr>2-6</nr>
<periodNumber>2</periodNumber>
<trDt>2017-02-23</trDt>
<amnt>0.00</amnt>
<amntTp>D</amntTp>
<trLine>
<nr>14</nr>
<accID>1110</accID>
<docRef>1</docRef>
<effDate>2017-02-23</effDate>
<amnt>100.00</amnt>
<amntTp>D</amntTp></trLine>
<trLine>
<nr>15</nr>
<accID>9030</accID>
<docRef>2</docRef>
<effDate>2017-02-23</effDate>
<desc>Betalingsverschil</desc>
<amnt>8.54</amnt>
<amntTp>D</amntTp>
<custSupID>D1006</custSupID>
<invRef>20170009</invRef></trLine>
<trLine>
<nr>16</nr>
<accID>1300</accID>
<docRef>2</docRef>
<effDate>2017-02-23</effDate>
<desc>Tuinwereld Van Schaik B.V.</desc>
<amnt>108.54</amnt>
<amntTp>C</amntTp>
<custSupID>D1006</custSupID>
<invRef>20170009</invRef></trLine></transaction></journal>
<journal>
<jrnID>IO</jrnID>
<desc>Inkooporders</desc>
<jrnTp>P</jrnTp>
<offsetAccID>3090</offsetAccID>
<transaction>
<nr>1-1</nr>
<desc>Uw factuur 2017-22-01-st3</desc>
<periodNumber>1</periodNumber>
<trDt>2017-01-25</trDt>
<amnt>0.00</amnt>
<amntTp>D</amntTp>
<trLine>
<nr>1</nr>
<accID>1600</accID>
<docRef>1</docRef>
<effDate>2017-01-25</effDate>
<desc>Uw factuur 2017-22-01-st3</desc>
<amnt>539.06</amnt>
<amntTp>C</amntTp>
<custSupID>C7005</custSupID>
<invRef>02017001</invRef></trLine>
<trLine>
<nr>2</nr>
<accID>1710</accID>
<docRef>2</docRef>
<effDate>2017-01-25</effDate>
<desc>Uw factuur 2017-22-01-st3</desc>
<amnt>93.56</amnt>
<amntTp>D</amntTp>
<custSupID>C7005</custSupID>
<invRef>02017001</invRef></trLine>
<trLine>
<nr>3</nr>
<accID>2030</accID>
<docRef>3</docRef>
<effDate>2017-01-25</effDate>
<desc>Uw factuur 2017-22-01-st3</desc>
<amnt>445.50</amnt>
<amntTp>D</amntTp>
<custSupID>C7005</custSupID>
<invRef>02017001</invRef>
<vat>
<vatID>2</vatID>
<vatPerc>21.000</vatPerc>
<vatAmnt>93.56</vatAmnt>
<vatAmntTp>D</vatAmntTp></vat></trLine></transaction></journal>
<journal>
<jrnID>K</jrnID>
<desc>Kasboek</desc>
<jrnTp>C</jrnTp>
<offsetAccID>1000</offsetAccID>
<transaction>
<nr>2-1</nr>
<periodNumber>2</periodNumber>
<trDt>2017-02-10</trDt>
<amnt>0.00</amnt>
<amntTp>D</amntTp>
<trLine>
<nr>8</nr>
<accID>1000</accID>
<docRef>1</docRef>
<effDate>2017-02-10</effDate>
<amnt>234.89</amnt>
<amntTp>C</amntTp></trLine>
<trLine>
<nr>9</nr>
<accID>4300</accID>
<docRef>2</docRef>
<effDate>2017-02-10</effDate>
<desc>Kantoorartikelen divers</desc>
<amnt>194.12</amnt>
<amntTp>D</amntTp>
<vat>
<vatID>2</vatID>
<vatPerc>21.000</vatPerc>
<vatAmnt>40.77</vatAmnt>
<vatAmntTp>D</vatAmntTp></vat></trLine>
<trLine>
<nr>10</nr>
<accID>1710</accID>
<docRef>2</docRef>
<effDate>2017-02-10</effDate>
<desc>Kantoorartikelen divers</desc>
<amnt>40.77</amnt>
<amntTp>D</amntTp></trLine></transaction>
<transaction>
<nr>2-2</nr>
<periodNumber>2</periodNumber>
<trDt>2017-02-15</trDt>
<amnt>0.00</amnt>
<amntTp>D</amntTp>
<trLine>
<nr>11</nr>
<accID>1000</accID>
<docRef>1</docRef>
<effDate>2017-02-15</effDate>
<amnt>85.32</amnt>
<amntTp>C</amntTp></trLine>
<trLine>
<nr>12</nr>
<accID>4500</accID>
<docRef>2</docRef>
<effDate>2017-02-12</effDate>
<desc>Relatiegeschenk v. Bekkerem</desc>
<amnt>70.51</amnt>
<amntTp>D</amntTp>
<vat>
<vatID>2</vatID>
<vatPerc>21.000</vatPerc>
<vatAmnt>14.81</vatAmnt>
<vatAmntTp>D</vatAmntTp></vat></trLine>
<trLine>
<nr>13</nr>
<accID>1710</accID>
<docRef>2</docRef>
<effDate>2017-02-12</effDate>
<desc>Relatiegeschenk v. Bekkerem</desc>
<amnt>14.81</amnt>
<amntTp>D</amntTp></trLine></transaction>
<transaction>
<nr>2-3</nr>
<periodNumber>2</periodNumber>
<trDt>2017-02-15</trDt>
<amnt>0.00</amnt>
<amntTp>D</amntTp>
<trLine>
<nr>14</nr>
<accID>1000</accID>
<docRef>1</docRef>
<effDate>2017-02-15</effDate>
<amnt>16.87</amnt>
<amntTp>C</amntTp></trLine>
<trLine>
<nr>15</nr>
<accID>4790</accID>
<docRef>2</docRef>
<effDate>2017-02-15</effDate>
<desc>Kantine-inkopen</desc>
<amnt>15.92</amnt>
<amntTp>D</amntTp>
<vat>
<vatID>1</vatID>
<vatPerc>6.000</vatPerc>
<vatAmnt>0.95</vatAmnt>
<vatAmntTp>D</vatAmntTp></vat></trLine>
<trLine>
<nr>16</nr>
<accID>1710</accID>
<docRef>2</docRef>
<effDate>2017-02-15</effDate>
<desc>Kantine-inkopen</desc>
<amnt>0.95</amnt>
<amntTp>D</amntTp></trLine></transaction>
<transaction>
<nr>2-4</nr>
<periodNumber>2</periodNumber>
<trDt>2017-02-25</trDt>
<amnt>0.00</amnt>
<amntTp>D</amntTp>
<trLine>
<nr>54</nr>
<accID>1000</accID>
<docRef>1</docRef>
<effDate>2017-02-25</effDate>
<amnt>436.58</amnt>
<amntTp>C</amntTp></trLine>
<trLine>
<nr>55</nr>
<accID>4410</accID>
<docRef>2</docRef>
<effDate>2017-02-25</effDate>
<desc>Diesel</desc>
<amnt>78.06</amnt>
<amntTp>D</amntTp>
<prodID>0200</prodID>
<vat>
<vatID>2</vatID>
<vatPerc>21.000</vatPerc>
<vatAmnt>16.39</vatAmnt>
<vatAmntTp>D</vatAmntTp></vat></trLine>
<trLine>
<nr>56</nr>
<accID>1710</accID>
<docRef>2</docRef>
<effDate>2017-02-25</effDate>
<desc>Diesel</desc>
<amnt>16.39</amnt>
<amntTp>D</amntTp></trLine>
<trLine>
<nr>57</nr>
<accID>4410</accID>
<docRef>3</docRef>
<effDate>2017-02-25</effDate>
<desc>Diesel</desc>
<amnt>74.07</amnt>
<amntTp>D</amntTp>
<prodID>0200</prodID>
<vat>
<vatID>2</vatID>
<vatPerc>21.000</vatPerc>
<vatAmnt>15.56</vatAmnt>
<vatAmntTp>D</vatAmntTp></vat></trLine>
<trLine>
<nr>58</nr>
<accID>1710</accID>
<docRef>3</docRef>
<effDate>2017-02-25</effDate>
<desc>Diesel</desc>
<amnt>15.56</amnt>
<amntTp>D</amntTp></trLine>
<trLine>
<nr>59</nr>
<accID>4410</accID>
<docRef>4</docRef>
<effDate>2017-02-25</effDate>
<desc>Diesel</desc>
<amnt>75.76</amnt>
<amntTp>D</amntTp>
<prodID>0200</prodID>
<vat>
<vatID>2</vatID>
<vatPerc>21.000</vatPerc>
<vatAmnt>15.91</vatAmnt>
<vatAmntTp>D</vatAmntTp></vat></trLine>
<trLine>
<nr>60</nr>
<accID>1710</accID>
<docRef>4</docRef>
<effDate>2017-02-25</effDate>
<desc>Diesel</desc>
<amnt>15.91</amnt>
<amntTp>D</amntTp></trLine>
<trLine>
<nr>61</nr>
<accID>4410</accID>
<docRef>5</docRef>
<effDate>2017-02-25</effDate>
<desc>Diesel</desc>
<amnt>65.77</amnt>
<amntTp>D</amntTp>
<prodID>0200</prodID>
<vat>
<vatID>2</vatID>
<vatPerc>21.000</vatPerc>
<vatAmnt>13.81</vatAmnt>
<vatAmntTp>D</vatAmntTp></vat></trLine>
<trLine>
<nr>62</nr>
<accID>1710</accID>
<docRef>5</docRef>
<effDate>2017-02-25</effDate>
<desc>Diesel</desc>
<amnt>13.81</amnt>
<amntTp>D</amntTp></trLine>
<trLine>
<nr>63</nr>
<accID>4410</accID>
<docRef>6</docRef>
<effDate>2017-02-25</effDate>
<desc>Diesel</desc>
<amnt>67.15</amnt>
<amntTp>D</amntTp>
<prodID>0200</prodID>
<vat>
<vatID>2</vatID>
<vatPerc>21.000</vatPerc>
<vatAmnt>14.10</vatAmnt>
<vatAmntTp>D</vatAmntTp></vat></trLine>
<trLine>
<nr>64</nr>
<accID>1710</accID>
<docRef>6</docRef>
<effDate>2017-02-25</effDate>
<desc>Diesel</desc>
<amnt>14.10</amnt>
<amntTp>D</amntTp></trLine></transaction></journal>
<journal>
<jrnID>M</jrnID>
<desc>Memoriaalboek</desc>
<jrnTp>M</jrnTp>
<offsetAccID>2000</offsetAccID>
<transaction>
<nr>1-1</nr>
<desc>Bruto salarissen</desc>
<periodNumber>1</periodNumber>
<trDt>2017-01-20</trDt>
<amnt>0.00</amnt>
<amntTp>D</amntTp>
<trLine>
<nr>265</nr>
<accID>4000</accID>
<docRef>1</docRef>
<effDate>2017-01-20</effDate>
<desc>Bruto salarissen</desc>
<amnt>1509.42</amnt>
<amntTp>D</amntTp></trLine>
<trLine>
<nr>266</nr>
<accID>4000</accID>
<docRef>2</docRef>
<effDate>2017-01-20</effDate>
<desc>Sociale lasten</desc>
<amnt>88.42</amnt>
<amntTp>D</amntTp></trLine>
<trLine>
<nr>267</nr>
<accID>4000</accID>
<docRef>3</docRef>
<effDate>2017-01-20</effDate>
<desc>Onbelaste vergoedingen</desc>
<amnt>18.66</amnt>
<amntTp>D</amntTp></trLine>
<trLine>
<nr>268</nr>
<accID>1810</accID>
<docRef>4</docRef>
<effDate>2017-01-20</effDate>
<desc>Loonheffing</desc>
<amnt>289.34</amnt>
<amntTp>C</amntTp></trLine>
<trLine>
<nr>269</nr>
<accID>1820</accID>
<docRef>5</docRef>
<effDate>2017-01-20</effDate>
<desc>Sociale lasten</desc>
<amnt>100.39</amnt>
<amntTp>C</amntTp></trLine>
<trLine>
<nr>270</nr>
<accID>1820</accID>
<docRef>6</docRef>
<effDate>2017-01-20</effDate>
<desc>Netto Salarissen</desc>
<amnt>1226.77</amnt>
<amntTp>C</amntTp></trLine></transaction></journal>
<journal>
<jrnID>MPR</jrnID>
<desc>Memoriaal Projecten</desc>
<jrnTp>M</jrnTp>
<offsetAccID>2000</offsetAccID>
<transaction>
<nr>1-1</nr>
<desc>Projectmutatie</desc>
<periodNumber>1</periodNumber>
<trDt>2017-01-15</trDt>
<amnt>0.00</amnt>
<amntTp>D</amntTp>
<trLine>
<nr>9</nr>
<accID>6520</accID>
<docRef>1</docRef>
<effDate>2017-01-15</effDate>
<desc>Projectmutatie</desc>
<amnt>1620.00</amnt>
<amntTp>D</amntTp>
<invRef>20170001</invRef>
<projID>PR15-1012-01</projID></trLine>
<trLine>
<nr>10</nr>
<accID>5000</accID>
<docRef>1</docRef>
<effDate>2017-01-15</effDate>
<desc>Overleg</desc>
<amnt>360.00</amnt>
<amntTp>C</amntTp>
<invRef>20170001</invRef>
<projID>PR15-1012-01</projID></trLine>
<trLine>
<nr>11</nr>
<accID>5000</accID>
<docRef>1</docRef>
<effDate>2017-01-15</effDate>
<desc>Ontwerp</desc>
<amnt>315.00</amnt>
<amntTp>C</amntTp>
<invRef>20170001</invRef>
<projID>PR15-1012-01</projID></trLine>
<trLine>
<nr>12</nr>
<accID>5000</accID>
<docRef>1</docRef>
<effDate>2017-01-15</effDate>
<desc>Ontwerp en planning</desc>
<amnt>225.00</amnt>
<amntTp>C</amntTp>
<invRef>20170001</invRef>
<projID>PR15-1012-01</projID></trLine>
<trLine>
<nr>13</nr>
<accID>5000</accID>
<docRef>1</docRef>
<effDate>2017-01-15</effDate>
<desc>Overleg</desc>
<amnt>360.00</amnt>
<amntTp>C</amntTp>
<invRef>20170001</invRef>
<projID>PR15-1012-01</projID></trLine>
<trLine>
<nr>14</nr>
<accID>5000</accID>
<docRef>1</docRef>
<effDate>2017-01-15</effDate>
<desc>planning en administratie</desc>
<amnt>360.00</amnt>
<amntTp>C</amntTp>
<invRef>20170001</invRef>
<projID>PR15-1012-01</projID></trLine>
<trLine>
<nr>15</nr>
<accID>6530</accID>
<docRef>1</docRef>
<effDate>2017-01-15</effDate>
<desc>Projectmutatie</desc>
<amnt>5700.00</amnt>
<amntTp>D</amntTp>
<invRef>20170001</invRef>
<projID>PR15-1012-01</projID></trLine>
<trLine>
<nr>16</nr>
<accID>5000</accID>
<docRef>1</docRef>
<effDate>2017-01-15</effDate>
<desc>Werk derden &lt;Project&gt;</desc>
<amnt>5700.00</amnt>
<amntTp>C</amntTp>
<invRef>20170001</invRef>
<projID>PR15-1012-01</projID></trLine></transaction>
<transaction>
<nr>1-2</nr>
<desc>Projectmutatie</desc>
<periodNumber>1</periodNumber>
<trDt>2017-01-20</trDt>
<amnt>0.00</amnt>
<amntTp>D</amntTp>
<trLine>
<nr>33</nr>
<accID>6510</accID>
<docRef>1</docRef>
<effDate>2017-01-20</effDate>
<desc>Projectmutatie</desc>
<amnt>3450.00</amnt>
<amntTp>D</amntTp>
<invRef>20170002</invRef>
<projID>PR15-1012-02</projID></trLine>
<trLine>
<nr>34</nr>
<accID>5000</accID>
<docRef>1</docRef>
<effDate>2017-01-20</effDate>
<desc>Zwarte grond</desc>
<amnt>1050.00</amnt>
<amntTp>C</amntTp>
<invRef>20170002</invRef>
<projID>PR15-1012-02</projID></trLine>
<trLine>
<nr>35</nr>
<accID>5000</accID>
<docRef>1</docRef>
<effDate>2017-01-20</effDate>
<desc>Straatzand</desc>
<amnt>2400.00</amnt>
<amntTp>C</amntTp>
<invRef>20170002</invRef>
<projID>PR15-1012-02</projID></trLine>
<trLine>
<nr>36</nr>
<accID>6520</accID>
<docRef>1</docRef>
<effDate>2017-01-20</effDate>
<desc>Projectmutatie</desc>
<amnt>800.00</amnt>
<amntTp>D</amntTp>
<invRef>20170002</invRef>
<projID>PR15-1012-02</projID></trLine>
<trLine>
<nr>37</nr>
<accID>5000</accID>
<docRef>1</docRef>
<effDate>2017-01-20</effDate>
<desc>Grondwerk</desc>
<amnt>800.00</amnt>
<amntTp>C</amntTp>
<invRef>20170002</invRef>
<projID>PR15-1012-02</projID></trLine>
<trLine>
<nr>38</nr>
<accID>6540</accID>
<docRef>1</docRef>
<effDate>2017-01-20</effDate>
<desc>Projectmutatie</desc>
<amnt>230.00</amnt>
<amntTp>D</amntTp>
<invRef>20170002</invRef>
<projID>PR15-1012-02</projID></trLine>
<trLine>
<nr>39</nr>
<accID>5000</accID>
<docRef>1</docRef>
<effDate>2017-01-20</effDate>
<desc>Diversen materiaal t.b.v. proj</desc>
<amnt>230.00</amnt>
<amntTp>C</amntTp>
<invRef>20170002</invRef>
<projID>PR15-1012-02</projID></trLine></transaction>
<transaction>
<nr>2-3</nr>
<desc>Stoeptegels 30 x 30 grijs</desc>
<periodNumber>2</periodNumber>
<trDt>2017-02-05</trDt>
<amnt>0.00</amnt>
<amntTp>D</amntTp>
<trLine>
<nr>24</nr>
<accID>3040</accID>
<docRef>1</docRef>
<effDate>2017-02-05</effDate>
<desc>Stoeptegels 30 x 30 grijs</desc>
<amnt>4880.00</amnt>
<amntTp>C</amntTp>
<invRef>20170003</invRef>
<projID>PR15-1012-03</projID></trLine>
<trLine>
<nr>25</nr>
<accID>6515</accID>
<docRef>1</docRef>
<effDate>2017-02-05</effDate>
<desc>Stoeptegels 30 x 30 grijs</desc>
<amnt>4880.00</amnt>
<amntTp>D</amntTp>
<invRef>20170003</invRef>
<projID>PR15-1012-03</projID></trLine></transaction>
<transaction>
<nr>2-4</nr>
<desc>Projectmutatie</desc>
<periodNumber>2</periodNumber>
<trDt>2017-02-14</trDt>
<amnt>0.00</amnt>
<amntTp>D</amntTp>
<trLine>
<nr>40</nr>
<accID>6510</accID>
<docRef>1</docRef>
<effDate>2017-02-14</effDate>
<desc>Projectmutatie</desc>
<amnt>1100.00</amnt>
<amntTp>D</amntTp>
<invRef>20170004</invRef>
<projID>PR15-1012-02</projID></trLine>
<trLine>
<nr>41</nr>
<accID>5000</accID>
<docRef>1</docRef>
<effDate>2017-02-14</effDate>
<desc>Diverse struikbeplanting</desc>
<amnt>1100.00</amnt>
<amntTp>C</amntTp>
<invRef>20170004</invRef>
<projID>PR15-1012-02</projID></trLine>
<trLine>
<nr>42</nr>
<accID>6520</accID>
<docRef>1</docRef>
<effDate>2017-02-14</effDate>
<desc>Projectmutatie</desc>
<amnt>560.00</amnt>
<amntTp>D</amntTp>
<invRef>20170004</invRef>
<projID>PR15-1012-02</projID></trLine>
<trLine>
<nr>43</nr>
<accID>5000</accID>
<docRef>1</docRef>
<effDate>2017-02-14</effDate>
<desc>Tuinaanleg</desc>
<amnt>240.00</amnt>
<amntTp>C</amntTp>
<invRef>20170004</invRef>
<projID>PR15-1012-02</projID></trLine>
<trLine>
<nr>44</nr>
<accID>5000</accID>
<docRef>1</docRef>
<effDate>2017-02-14</effDate>
<desc>Tuinaanleg</desc>
<amnt>320.00</amnt>
<amntTp>C</amntTp>
<invRef>20170004</invRef>
<projID>PR15-1012-02</projID></trLine>
<trLine>
<nr>45</nr>
<accID>6540</accID>
<docRef>1</docRef>
<effDate>2017-02-14</effDate>
<desc>Projectmutatie</desc>
<amnt>340.00</amnt>
<amntTp>D</amntTp>
<invRef>20170004</invRef>
<projID>PR15-1012-02</projID></trLine>
<trLine>
<nr>46</nr>
<accID>5000</accID>
<docRef>1</docRef>
<effDate>2017-02-14</effDate>
<desc>Diversen materiaal t.b.v. proj</desc>
<amnt>340.00</amnt>
<amntTp>C</amntTp>
<invRef>20170004</invRef>
<projID>PR15-1012-02</projID></trLine></transaction>
<transaction>
<nr>2-5</nr>
<desc>Projectmutatie</desc>
<periodNumber>2</periodNumber>
<trDt>2017-02-27</trDt>
<amnt>0.00</amnt>
<amntTp>D</amntTp>
<trLine>
<nr>47</nr>
<accID>2090</accID>
<docRef>1</docRef>
<effDate>2017-02-27</effDate>
<desc>Projectmutatie</desc>
<amnt>2870.00</amnt>
<amntTp>D</amntTp>
<invRef>20170005</invRef>
<projID>PA15-1001-01</projID></trLine>
<trLine>
<nr>48</nr>
<accID>5000</accID>
<docRef>1</docRef>
<effDate>2017-02-27</effDate>
<desc>Werk derden &lt;Project&gt;</desc>
<amnt>350.00</amnt>
<amntTp>C</amntTp>
<invRef>20170005</invRef>
<projID>PA15-1001-01</projID></trLine>
<trLine>
<nr>49</nr>
<accID>5000</accID>
<docRef>1</docRef>
<effDate>2017-02-27</effDate>
<desc>Montagewerk</desc>
<amnt>800.00</amnt>
<amntTp>C</amntTp>
<invRef>20170005</invRef>
<projID>PA15-1001-01</projID></trLine>
<trLine>
<nr>50</nr>
<accID>5000</accID>
<docRef>1</docRef>
<effDate>2017-02-27</effDate>
<desc>Diverse struikbeplanting</desc>
<amnt>880.00</amnt>
<amntTp>C</amntTp>
<invRef>20170005</invRef>
<projID>PA15-1001-01</projID></trLine>
<trLine>
<nr>51</nr>
<accID>5000</accID>
<docRef>1</docRef>
<effDate>2017-02-27</effDate>
<desc>Tuinaanleg</desc>
<amnt>340.00</amnt>
<amntTp>C</amntTp>
<invRef>20170005</invRef>
<projID>PA15-1001-01</projID></trLine>
<trLine>
<nr>52</nr>
<accID>5000</accID>
<docRef>1</docRef>
<effDate>2017-02-27</effDate>
<desc>Diversen materiaal t.b.v. proj</desc>
<amnt>500.00</amnt>
<amntTp>C</amntTp>
<invRef>20170005</invRef>
<projID>PA15-1001-01</projID></trLine>
<trLine>
<nr>53</nr>
<accID>3040</accID>
<docRef>1</docRef>
<effDate>2017-02-27</effDate>
<desc>Bouwmaterialen (diversen)</desc>
<amnt>800.00</amnt>
<amntTp>C</amntTp>
<invRef>20170005</invRef>
<projID>PA15-1001-01</projID></trLine>
<trLine>
<nr>54</nr>
<accID>2090</accID>
<docRef>1</docRef>
<effDate>2017-02-27</effDate>
<desc>Bouwmaterialen (diversen)</desc>
<amnt>800.00</amnt>
<amntTp>D</amntTp>
<invRef>20170005</invRef>
<projID>PA15-1001-01</projID></trLine></transaction>
<transaction>
<nr>2-6</nr>
<desc>Projectmutatie</desc>
<periodNumber>2</periodNumber>
<trDt>2017-02-16</trDt>
<amnt>0.00</amnt>
<amntTp>D</amntTp>
<trLine>
<nr>55</nr>
<accID>6525</accID>
<docRef>1</docRef>
<effDate>2017-02-16</effDate>
<desc>Projectmutatie</desc>
<amnt>280.00</amnt>
<amntTp>D</amntTp>
<invRef>20170006</invRef>
<projID>PR15-1010-01</projID></trLine>
<trLine>
<nr>56</nr>
<accID>5000</accID>
<docRef>1</docRef>
<effDate>2017-02-16</effDate>
<desc>Grondwerk</desc>
<amnt>280.00</amnt>
<amntTp>C</amntTp>
<invRef>20170006</invRef>
<projID>PR15-1010-01</projID></trLine>
<trLine>
<nr>57</nr>
<accID>6515</accID>
<docRef>1</docRef>
<effDate>2017-02-16</effDate>
<desc>Projectmutatie</desc>
<amnt>240.00</amnt>
<amntTp>D</amntTp>
<invRef>20170006</invRef>
<projID>PR15-1010-01</projID></trLine>
<trLine>
<nr>58</nr>
<accID>5000</accID>
<docRef>1</docRef>
<effDate>2017-02-16</effDate>
<desc>Straatzand</desc>
<amnt>240.00</amnt>
<amntTp>C</amntTp>
<invRef>20170006</invRef>
<projID>PR15-1010-01</projID></trLine>
<trLine>
<nr>59</nr>
<accID>3040</accID>
<docRef>1</docRef>
<effDate>2017-02-16</effDate>
<desc>Blokhut Walter 427 x 300 cm</desc>
<amnt>4240.00</amnt>
<amntTp>C</amntTp>
<invRef>20170006</invRef>
<projID>PR15-1010-01</projID></trLine>
<trLine>
<nr>60</nr>
<accID>6515</accID>
<docRef>1</docRef>
<effDate>2017-02-16</effDate>
<desc>Blokhut Walter 427 x 300 cm</desc>
<amnt>4240.00</amnt>
<amntTp>D</amntTp>
<invRef>20170006</invRef>
<projID>PR15-1010-01</projID></trLine></transaction></journal>
<journal>
<jrnID>V</jrnID>
<desc>Verkoopboek</desc>
<jrnTp>S</jrnTp>
<offsetAccID>8090</offsetAccID>
<transaction>
<nr>1-1</nr>
<desc>uw telefonische order</desc>
<periodNumber>1</periodNumber>
<trDt>2017-01-10</trDt>
<amnt>0.00</amnt>
<amntTp>D</amntTp>
<trLine>
<nr>181</nr>
<accID>1300</accID>
<docRef>5</docRef>
<effDate>2017-01-10</effDate>
<desc>uw telefonische order</desc>
<amnt>4781.32</amnt>
<amntTp>D</amntTp>
<custSupID>D1001</custSupID>
<invRef>20170001</invRef></trLine>
<trLine>
<nr>182</nr>
<accID>1770</accID>
<docRef>6</docRef>
<effDate>2017-01-10</effDate>
<desc>uw telefonische order</desc>
<amnt>829.82</amnt>
<amntTp>C</amntTp>
<custSupID>D1001</custSupID>
<invRef>20170001</invRef></trLine>
<trLine>
<nr>183</nr>
<accID>8090</accID>
<docRef>7</docRef>
<effDate>2017-01-10</effDate>
<desc>Tuinaarde 40Liter 10st</desc>
<amnt>35.50</amnt>
<amntTp>C</amntTp>
<custSupID>D1001</custSupID>
<invRef>20170001</invRef>
<vat>
<vatID>2</vatID>
<vatPerc>21.000</vatPerc>
<vatAmnt>7.46</vatAmnt>
<vatAmntTp>C</vatAmntTp></vat></trLine>
<trLine>
<nr>184</nr>
<accID>8090</accID>
<docRef>8</docRef>
<effDate>2017-01-10</effDate>
<desc>Terracotta schaal en pot 35 cm</desc>
<amnt>116.00</amnt>
<amntTp>C</amntTp>
<custSupID>D1001</custSupID>
<invRef>20170001</invRef>
<vat>
<vatID>2</vatID>
<vatPerc>21.000</vatPerc>
<vatAmnt>24.36</vatAmnt>
<vatAmntTp>C</vatAmntTp></vat></trLine>
<trLine>
<nr>185</nr>
<accID>8090</accID>
<docRef>9</docRef>
<effDate>2017-01-10</effDate>
<desc>Blokhutten Walter 3st</desc>
<amnt>3800.00</amnt>
<amntTp>C</amntTp>
<custSupID>D1001</custSupID>
<invRef>20170001</invRef>
<vat>
<vatID>2</vatID>
<vatPerc>21.000</vatPerc>
<vatAmnt>798.00</vatAmnt>
<vatAmntTp>C</vatAmntTp></vat></trLine></transaction>
<transaction>
<nr>1-2</nr>
<desc>Fa. Brokma Blokhutten v/h Gebr</desc>
<periodNumber>1</periodNumber>
<trDt>2017-01-12</trDt>
<amnt>0.00</amnt>
<amntTp>D</amntTp>
<trLine>
<nr>5</nr>
<accID>1300</accID>
<docRef>1</docRef>
<effDate>2017-01-12</effDate>
<desc>Fa. Brokma Blokhutten v/h Gebr</desc>
<amnt>2408.63</amnt>
<amntTp>D</amntTp>
<custSupID>D1002</custSupID>
<invRef>20170002</invRef></trLine>
<trLine>
<nr>6</nr>
<accID>1770</accID>
<docRef>2</docRef>
<effDate>2017-01-12</effDate>
<desc>Fa. Brokma Blokhutten v/h Gebr</desc>
<amnt>418.03</amnt>
<amntTp>C</amntTp>
<custSupID>D1002</custSupID>
<invRef>20170002</invRef></trLine>
<trLine>
<nr>7</nr>
<accID>8090</accID>
<docRef>3</docRef>
<effDate>2017-01-12</effDate>
<desc>Volledige tuinset</desc>
<amnt>1990.60</amnt>
<amntTp>C</amntTp>
<custSupID>D1002</custSupID>
<invRef>20170002</invRef>
<vat>
<vatID>2</vatID>
<vatPerc>21.000</vatPerc>
<vatAmnt>418.03</vatAmnt>
<vatAmntTp>C</vatAmntTp></vat></trLine></transaction>
<transaction>
<nr>1-3</nr>
<desc>Tuinwereld Van Schaik B.V.</desc>
<periodNumber>1</periodNumber>
<trDt>2017-01-13</trDt>
<amnt>0.00</amnt>
<amntTp>D</amntTp>
<trLine>
<nr>45</nr>
<accID>1300</accID>
<docRef>1</docRef>
<effDate>2017-01-13</effDate>
<desc>Tuinwereld Van Schaik B.V.</desc>
<amnt>524.73</amnt>
<amntTp>D</amntTp>
<custSupID>D1006</custSupID>
<invRef>20170003</invRef></trLine>
<trLine>
<nr>46</nr>
<accID>1770</accID>
<docRef>2</docRef>
<effDate>2017-01-13</effDate>
<desc>Tuinwereld Van Schaik B.V.</desc>
<amnt>91.07</amnt>
<amntTp>C</amntTp>
<custSupID>D1006</custSupID>
<invRef>20170003</invRef></trLine>
<trLine>
<nr>47</nr>
<accID>8090</accID>
<docRef>3</docRef>
<effDate>2017-01-13</effDate>
<desc>Diverse tuingereedschappen</desc>
<amnt>433.66</amnt>
<amntTp>C</amntTp>
<custSupID>D1006</custSupID>
<invRef>20170003</invRef>
<vat>
<vatID>2</vatID>
<vatPerc>21.000</vatPerc>
<vatAmnt>91.07</vatAmnt>
<vatAmntTp>C</vatAmntTp></vat></trLine>
<trLine>
<nr>186</nr>
<accID>1300</accID>
<docRef>4</docRef>
<effDate>2017-01-13</effDate>
<desc>Uw telefonische order</desc>
<amnt>2916.10</amnt>
<amntTp>D</amntTp>
<custSupID>D1001</custSupID>
<invRef>20170004</invRef></trLine>
<trLine>
<nr>187</nr>
<accID>1770</accID>
<docRef>5</docRef>
<effDate>2017-01-13</effDate>
<desc>Uw telefonische order</desc>
<amnt>506.10</amnt>
<amntTp>C</amntTp>
<custSupID>D1001</custSupID>
<invRef>20170004</invRef></trLine>
<trLine>
<nr>188</nr>
<accID>8010</accID>
<docRef>6</docRef>
<effDate>2017-01-13</effDate>
<desc>Diverse potten</desc>
<amnt>150.00</amnt>
<amntTp>C</amntTp>
<custSupID>D1001</custSupID>
<invRef>20170004</invRef>
<costID>0400</costID>
<vat>
<vatID>2</vatID>
<vatPerc>21.000</vatPerc>
<vatAmnt>31.50</vatAmnt>
<vatAmntTp>C</vatAmntTp></vat></trLine>
<trLine>
<nr>189</nr>
<accID>8090</accID>
<docRef>7</docRef>
<effDate>2017-01-13</effDate>
<desc>Blokhutten Walter 3st</desc>
<amnt>2260.00</amnt>
<amntTp>C</amntTp>
<custSupID>D1001</custSupID>
<invRef>20170004</invRef>
<vat>
<vatID>2</vatID>
<vatPerc>21.000</vatPerc>
<vatAmnt>474.60</vatAmnt>
<vatAmntTp>C</vatAmntTp></vat></trLine></transaction>
<transaction>
<nr>1-4</nr>
<desc>Telefonisch overeengekomen</desc>
<periodNumber>1</periodNumber>
<trDt>2017-01-18</trDt>
<amnt>0.00</amnt>
<amntTp>D</amntTp>
<trLine>
<nr>14</nr>
<accID>1300</accID>
<docRef>1</docRef>
<effDate>2017-01-18</effDate>
<desc>Telefonisch overeengekomen</desc>
<amnt>191.18</amnt>
<amntTp>D</amntTp>
<custSupID>D1002</custSupID>
<invRef>20170005</invRef></trLine>
<trLine>
<nr>15</nr>
<accID>1770</accID>
<docRef>2</docRef>
<effDate>2017-01-18</effDate>
<desc>Telefonisch overeengekomen</desc>
<amnt>33.18</amnt>
<amntTp>C</amntTp>
<custSupID>D1002</custSupID>
<invRef>20170005</invRef></trLine>
<trLine>
<nr>16</nr>
<accID>8090</accID>
<docRef>3</docRef>
<effDate>2017-01-18</effDate>
<desc>Bank Madrid zwart 1st</desc>
<amnt>158.00</amnt>
<amntTp>C</amntTp>
<custSupID>D1002</custSupID>
<invRef>20170005</invRef>
<vat>
<vatID>2</vatID>
<vatPerc>21.000</vatPerc>
<vatAmnt>33.18</vatAmnt>
<vatAmntTp>C</vatAmntTp></vat></trLine>
<trLine>
<nr>17</nr>
<accID>1300</accID>
<docRef>1</docRef>
<effDate>2017-01-18</effDate>
<desc>Uw aanvraag d.d. 16-01-2017</desc>
<amnt>1028.50</amnt>
<amntTp>D</amntTp>
<custSupID>D1007</custSupID>
<invRef>20170006</invRef></trLine>
<trLine>
<nr>18</nr>
<accID>1770</accID>
<docRef>2</docRef>
<effDate>2017-01-18</effDate>
<desc>Uw aanvraag d.d. 16-01-2017</desc>
<amnt>178.50</amnt>
<amntTp>C</amntTp>
<custSupID>D1007</custSupID>
<invRef>20170006</invRef></trLine>
<trLine>
<nr>19</nr>
<accID>8090</accID>
<docRef>3</docRef>
<effDate>2017-01-18</effDate>
<desc>Diversen</desc>
<amnt>850.00</amnt>
<amntTp>C</amntTp>
<custSupID>D1007</custSupID>
<invRef>20170006</invRef>
<vat>
<vatID>2</vatID>
<vatPerc>21.000</vatPerc>
<vatAmnt>178.50</vatAmnt>
<vatAmntTp>C</vatAmntTp></vat></trLine></transaction>
<transaction>
<nr>1-5</nr>
<desc>Tuinwereld Van Schaik B.V.</desc>
<periodNumber>1</periodNumber>
<trDt>2017-01-23</trDt>
<amnt>0.00</amnt>
<amntTp>D</amntTp>
<trLine>
<nr>27</nr>
<accID>1300</accID>
<docRef>1</docRef>
<effDate>2017-01-23</effDate>
<desc>Tuinwereld Van Schaik B.V.</desc>
<amnt>108.54</amnt>
<amntTp>D</amntTp>
<custSupID>D1006</custSupID>
<invRef>20170009</invRef></trLine>
<trLine>
<nr>28</nr>
<accID>1770</accID>
<docRef>2</docRef>
<effDate>2017-01-23</effDate>
<desc>Tuinwereld Van Schaik B.V.</desc>
<amnt>18.84</amnt>
<amntTp>C</amntTp>
<custSupID>D1006</custSupID>
<invRef>20170009</invRef></trLine>
<trLine>
<nr>29</nr>
<accID>8090</accID>
<docRef>3</docRef>
<effDate>2017-01-23</effDate>
<desc>Diverse tuingereedschappen</desc>
<amnt>89.70</amnt>
<amntTp>C</amntTp>
<custSupID>D1006</custSupID>
<invRef>20170009</invRef>
<vat>
<vatID>2</vatID>
<vatPerc>21.000</vatPerc>
<vatAmnt>18.84</vatAmnt>
<vatAmntTp>C</vatAmntTp></vat></trLine></transaction>
<transaction>
<nr>2-5</nr>
<desc>Volgens offerte 18-01-14</desc>
<periodNumber>2</periodNumber>
<trDt>2017-02-01</trDt>
<amnt>0.00</amnt>
<amntTp>D</amntTp>
<trLine>
<nr>30</nr>
<accID>1300</accID>
<docRef>1</docRef>
<effDate>2017-02-01</effDate>
<desc>Volgens offerte 18-01-14</desc>
<amnt>404.14</amnt>
<amntTp>D</amntTp>
<custSupID>D1007</custSupID>
<invRef>20170010</invRef></trLine>
<trLine>
<nr>31</nr>
<accID>1770</accID>
<docRef>2</docRef>
<effDate>2017-02-01</effDate>
<desc>Volgens offerte 18-01-14</desc>
<amnt>70.14</amnt>
<amntTp>C</amntTp>
<custSupID>D1007</custSupID>
<invRef>20170010</invRef></trLine>
<trLine>
<nr>32</nr>
<accID>8090</accID>
<docRef>3</docRef>
<effDate>2017-02-01</effDate>
<desc>Volgens offerte 18-01-14</desc>
<amnt>334.00</amnt>
<amntTp>C</amntTp>
<custSupID>D1007</custSupID>
<invRef>20170010</invRef>
<vat>
<vatID>2</vatID>
<vatPerc>21.000</vatPerc>
<vatAmnt>70.14</vatAmnt>
<vatAmntTp>C</vatAmntTp></vat></trLine>
<trLine>
<nr>71</nr>
<accID>1300</accID>
<docRef>1</docRef>
<effDate>2017-02-01</effDate>
<desc>Van Onna Groenvoorziening B.V.</desc>
<amnt>998.70</amnt>
<amntTp>D</amntTp>
<custSupID>D1010</custSupID>
<invRef>20170011</invRef></trLine>
<trLine>
<nr>72</nr>
<accID>1760</accID>
<docRef>2</docRef>
<effDate>2017-02-01</effDate>
<desc>Van Onna Groenvoorziening B.V.</desc>
<amnt>56.53</amnt>
<amntTp>C</amntTp>
<custSupID>D1010</custSupID>
<invRef>20170011</invRef></trLine>
<trLine>
<nr>73</nr>
<accID>8000</accID>
<docRef>3</docRef>
<effDate>2017-02-01</effDate>
<desc>Dracena's 22 stuks</desc>
<amnt>726.44</amnt>
<amntTp>C</amntTp>
<custSupID>D1010</custSupID>
<invRef>20170011</invRef>
<vat>
<vatID>1</vatID>
<vatPerc>6.000</vatPerc>
<vatAmnt>43.59</vatAmnt>
<vatAmntTp>C</vatAmntTp></vat></trLine>
<trLine>
<nr>74</nr>
<accID>8090</accID>
<docRef>4</docRef>
<effDate>2017-02-01</effDate>
<desc>Chameadora's 9 stuks </desc>
<amnt>215.73</amnt>
<amntTp>C</amntTp>
<custSupID>D1010</custSupID>
<invRef>20170011</invRef>
<vat>
<vatID>1</vatID>
<vatPerc>6.000</vatPerc>
<vatAmnt>12.94</vatAmnt>
<vatAmntTp>C</vatAmntTp></vat></trLine>
<trLine>
<nr>155</nr>
<accID>1300</accID>
<docRef>1</docRef>
<effDate>2017-02-04</effDate>
<desc>Opdrachtnr: 140126-003</desc>
<amnt>123.14</amnt>
<amntTp>D</amntTp>
<custSupID>D1015</custSupID>
<invRef>20170012</invRef></trLine>
<trLine>
<nr>156</nr>
<accID>8090</accID>
<docRef>2</docRef>
<effDate>2017-02-04</effDate>
<desc>Vijverplanten Lobelia SII</desc>
<amnt>123.14</amnt>
<amntTp>C</amntTp>
<custSupID>D1015</custSupID>
<invRef>20170012</invRef></trLine>
<trLine>
<nr>167</nr>
<accID>1310</accID>
<docRef>1</docRef>
<effDate>2017-02-04</effDate>
<desc>Garden Impressions Beverly</desc>
<amnt>1223.00</amnt>
<amntTp>D</amntTp>
<custSupID>D1004</custSupID>
<invRef>20170013</invRef></trLine>
<trLine>
<nr>168</nr>
<accID>8090</accID>
<docRef>2</docRef>
<effDate>2017-02-04</effDate>
<desc>Diverse potten en schalen</desc>
<amnt>1223.00</amnt>
<amntTp>C</amntTp>
<custSupID>D1004</custSupID>
<invRef>20170013</invRef></trLine></transaction>
<transaction>
<nr>1-7</nr>
<desc>Uw telefonische order</desc>
<periodNumber>1</periodNumber>
<trDt>2017-01-21</trDt>
<amnt>0.00</amnt>
<amntTp>D</amntTp>
<trLine>
<nr>24</nr>
<accID>1300</accID>
<docRef>1</docRef>
<effDate>2017-01-21</effDate>
<desc>Uw telefonische order</desc>
<amnt>4353.58</amnt>
<amntTp>D</amntTp>
<custSupID>D1001</custSupID>
<invRef>20170008</invRef></trLine>
<trLine>
<nr>25</nr>
<accID>1770</accID>
<docRef>2</docRef>
<effDate>2017-01-21</effDate>
<desc>Uw telefonische order</desc>
<amnt>755.58</amnt>
<amntTp>C</amntTp>
<custSupID>D1001</custSupID>
<invRef>20170008</invRef></trLine>
<trLine>
<nr>26</nr>
<accID>8090</accID>
<docRef>3</docRef>
<effDate>2017-01-21</effDate>
<desc>Blokhutten Walter 3st</desc>
<amnt>3598.00</amnt>
<amntTp>C</amntTp>
<custSupID>D1001</custSupID>
<invRef>20170008</invRef>
<vat>
<vatID>2</vatID>
<vatPerc>21.000</vatPerc>
<vatAmnt>755.58</vatAmnt>
<vatAmntTp>C</vatAmntTp></vat></trLine>
<trLine>
<nr>93</nr>
<accID>1300</accID>
<docRef>1</docRef>
<effDate>2017-01-20</effDate>
<desc>Van Bekkerem B.V. Bloemisterij</desc>
<amnt>2057.00</amnt>
<amntTp>D</amntTp>
<custSupID>D1001</custSupID>
<invRef>20170007</invRef></trLine>
<trLine>
<nr>94</nr>
<accID>1770</accID>
<docRef>2</docRef>
<effDate>2017-01-20</effDate>
<desc>Van Bekkerem B.V. Bloemisterij</desc>
<amnt>357.00</amnt>
<amntTp>C</amntTp>
<custSupID>D1001</custSupID>
<invRef>20170007</invRef></trLine>
<trLine>
<nr>95</nr>
<accID>8010</accID>
<docRef>3</docRef>
<effDate>2017-01-20</effDate>
<desc>Diverse potten</desc>
<amnt>875.00</amnt>
<amntTp>C</amntTp>
<custSupID>D1001</custSupID>
<invRef>20170007</invRef>
<costID>0400</costID>
<vat>
<vatID>2</vatID>
<vatPerc>21.000</vatPerc>
<vatAmnt>183.75</vatAmnt>
<vatAmntTp>C</vatAmntTp></vat></trLine>
<trLine>
<nr>96</nr>
<accID>8010</accID>
<docRef>4</docRef>
<effDate>2017-01-20</effDate>
<desc>Diverse schalen</desc>
<amnt>825.00</amnt>
<amntTp>C</amntTp>
<custSupID>D1001</custSupID>
<invRef>20170007</invRef>
<costID>0400</costID>
<vat>
<vatID>2</vatID>
<vatPerc>21.000</vatPerc>
<vatAmnt>173.25</vatAmnt>
<vatAmntTp>C</vatAmntTp></vat></trLine></transaction>
<transaction>
<nr>2-8</nr>
<desc>Tuinwereld Van Schaik B.V.</desc>
<periodNumber>2</periodNumber>
<trDt>2017-02-11</trDt>
<amnt>0.00</amnt>
<amntTp>D</amntTp>
<trLine>
<nr>77</nr>
<accID>1300</accID>
<docRef>1</docRef>
<effDate>2017-02-11</effDate>
<desc>Tuinwereld Van Schaik B.V.</desc>
<amnt>108.17</amnt>
<amntTp>D</amntTp>
<custSupID>D1006</custSupID>
<invRef>20170017</invRef></trLine>
<trLine>
<nr>78</nr>
<accID>1770</accID>
<docRef>2</docRef>
<effDate>2017-02-11</effDate>
<desc>Tuinwereld Van Schaik B.V.</desc>
<amnt>18.77</amnt>
<amntTp>C</amntTp>
<custSupID>D1006</custSupID>
<invRef>20170017</invRef></trLine>
<trLine>
<nr>79</nr>
<accID>8090</accID>
<docRef>3</docRef>
<effDate>2017-02-11</effDate>
<desc>Tuinaarde 40 liter 20 st</desc>
<amnt>89.40</amnt>
<amntTp>C</amntTp>
<custSupID>D1006</custSupID>
<invRef>20170017</invRef>
<vat>
<vatID>2</vatID>
<vatPerc>21.000</vatPerc>
<vatAmnt>18.77</vatAmnt>
<vatAmntTp>C</vatAmntTp></vat></trLine></transaction>
<transaction>
<nr>2-9</nr>
<desc>MELBICKS GARDEN &amp; LEISURE</desc>
<periodNumber>2</periodNumber>
<trDt>2017-02-05</trDt>
<amnt>0.00</amnt>
<amntTp>D</amntTp>
<trLine>
<nr>43</nr>
<accID>1300</accID>
<docRef>1</docRef>
<effDate>2017-02-05</effDate>
<desc>MELBICKS GARDEN &amp; LEISURE</desc>
<amnt>6402.37</amnt>
<amntTp>D</amntTp>
<custSupID>D1009</custSupID>
<invRef>20170016</invRef>
<currency>
<curCode>GBP</curCode>
<curAmnt>5410.00</curAmnt></currency></trLine>
<trLine>
<nr>44</nr>
<accID>8090</accID>
<docRef>2</docRef>
<effDate>2017-02-05</effDate>
<desc>Blokhut Walter 2st</desc>
<amnt>6402.37</amnt>
<amntTp>C</amntTp>
<custSupID>D1009</custSupID>
<invRef>20170016</invRef>
<currency>
<curCode>GBP</curCode>
<curAmnt>5410.00</curAmnt></currency></trLine></transaction>
<transaction>
<nr>2-10</nr>
<desc>MELBICKS Garden &amp; Leisure</desc>
<periodNumber>2</periodNumber>
<trDt>2017-02-03</trDt>
<amnt>0.00</amnt>
<amntTp>D</amntTp>
<trLine>
<nr>157</nr>
<accID>1300</accID>
<docRef>1</docRef>
<effDate>2017-02-03</effDate>
<desc>MELBICKS Garden &amp; Leisure</desc>
<amnt>272.19</amnt>
<amntTp>D</amntTp>
<custSupID>D1009</custSupID>
<invRef>20170014</invRef>
<currency>
<curCode>GBP</curCode>
<curAmnt>230.00</curAmnt></currency></trLine>
<trLine>
<nr>158</nr>
<accID>8090</accID>
<docRef>2</docRef>
<effDate>2017-02-03</effDate>
<desc>Yucca-zaden</desc>
<amnt>272.19</amnt>
<amntTp>C</amntTp>
<custSupID>D1009</custSupID>
<invRef>20170014</invRef>
<currency>
<curCode>GBP</curCode>
<curAmnt>230.00</curAmnt></currency></trLine></transaction>
<transaction>
<nr>1-11</nr>
<desc>Tuincentrum 'Amsterdam'</desc>
<periodNumber>1</periodNumber>
<trDt>2017-01-15</trDt>
<amnt>0.00</amnt>
<amntTp>D</amntTp>
<trLine>
<nr>83</nr>
<accID>1300</accID>
<docRef>1</docRef>
<effDate>2017-01-15</effDate>
<desc>Tuincentrum 'Amsterdam'</desc>
<amnt>759.48</amnt>
<amntTp>D</amntTp>
<custSupID>D1011</custSupID>
<invRef>20170018</invRef></trLine>
<trLine>
<nr>84</nr>
<accID>1770</accID>
<docRef>2</docRef>
<effDate>2017-01-15</effDate>
<desc>Tuincentrum 'Amsterdam'</desc>
<amnt>131.81</amnt>
<amntTp>C</amntTp>
<custSupID>D1011</custSupID>
<invRef>20170018</invRef></trLine>
<trLine>
<nr>85</nr>
<accID>8090</accID>
<docRef>3</docRef>
<effDate>2017-01-15</effDate>
<desc>Diverse potten en tuinschermen</desc>
<amnt>627.67</amnt>
<amntTp>C</amntTp>
<custSupID>D1011</custSupID>
<invRef>20170018</invRef>
<vat>
<vatID>2</vatID>
<vatPerc>21.000</vatPerc>
<vatAmnt>131.81</vatAmnt>
<vatAmntTp>C</vatAmntTp></vat></trLine></transaction>
<transaction>
<nr>2-12</nr>
<desc>Tuincentrum 'Amsterdam'</desc>
<periodNumber>2</periodNumber>
<trDt>2017-02-17</trDt>
<amnt>0.00</amnt>
<amntTp>D</amntTp>
<trLine>
<nr>100</nr>
<accID>1300</accID>
<docRef>1</docRef>
<effDate>2017-02-17</effDate>
<desc>Tuincentrum 'Amsterdam'</desc>
<amnt>2207.04</amnt>
<amntTp>D</amntTp>
<custSupID>D1011</custSupID>
<invRef>20170019</invRef></trLine>
<trLine>
<nr>101</nr>
<accID>1770</accID>
<docRef>2</docRef>
<effDate>2017-02-17</effDate>
<desc>Tuincentrum 'Amsterdam'</desc>
<amnt>383.04</amnt>
<amntTp>C</amntTp>
<custSupID>D1011</custSupID>
<invRef>20170019</invRef></trLine>
<trLine>
<nr>102</nr>
<accID>8010</accID>
<docRef>3</docRef>
<effDate>2017-02-17</effDate>
<desc>Diverse potten en schalen</desc>
<amnt>1824.00</amnt>
<amntTp>C</amntTp>
<custSupID>D1011</custSupID>
<invRef>20170019</invRef>
<costID>0400</costID>
<vat>
<vatID>2</vatID>
<vatPerc>21.000</vatPerc>
<vatAmnt>383.04</vatAmnt>
<vatAmntTp>C</vatAmntTp></vat></trLine></transaction>
<transaction>
<nr>2-14</nr>
<desc>Fa. Brokma Blokhutten v/h Gebr</desc>
<periodNumber>2</periodNumber>
<trDt>2017-02-20</trDt>
<amnt>0.00</amnt>
<amntTp>D</amntTp>
<trLine>
<nr>111</nr>
<accID>1300</accID>
<docRef>1</docRef>
<effDate>2017-02-20</effDate>
<desc>Fa. Brokma Blokhutten v/h Gebr</desc>
<amnt>3630.00</amnt>
<amntTp>D</amntTp>
<custSupID>D1002</custSupID>
<invRef>20170020</invRef></trLine>
<trLine>
<nr>112</nr>
<accID>1770</accID>
<docRef>2</docRef>
<effDate>2017-02-20</effDate>
<desc>Fa. Brokma Blokhutten v/h Gebr</desc>
<amnt>630.00</amnt>
<amntTp>C</amntTp>
<custSupID>D1002</custSupID>
<invRef>20170020</invRef></trLine>
<trLine>
<nr>113</nr>
<accID>8040</accID>
<docRef>3</docRef>
<effDate>2017-02-20</effDate>
<desc>Blokhut Walter 3st</desc>
<amnt>3000.00</amnt>
<amntTp>C</amntTp>
<custSupID>D1002</custSupID>
<invRef>20170020</invRef>
<vat>
<vatID>2</vatID>
<vatPerc>21.000</vatPerc>
<vatAmnt>630.00</vatAmnt>
<vatAmntTp>C</vatAmntTp></vat></trLine></transaction>
<transaction>
<nr>1-15</nr>
<desc>Offerte 20141215-1</desc>
<periodNumber>1</periodNumber>
<trDt>2017-01-31</trDt>
<amnt>0.00</amnt>
<amntTp>D</amntTp>
<trLine>
<nr>117</nr>
<accID>1300</accID>
<docRef>1</docRef>
<effDate>2017-01-31</effDate>
<desc>Offerte 20141215-1</desc>
<amnt>60.50</amnt>
<amntTp>D</amntTp>
<custSupID>D1002</custSupID>
<invRef>20170022</invRef></trLine>
<trLine>
<nr>118</nr>
<accID>1770</accID>
<docRef>2</docRef>
<effDate>2017-01-31</effDate>
<desc>Offerte 20141215-1</desc>
<amnt>10.50</amnt>
<amntTp>C</amntTp>
<custSupID>D1002</custSupID>
<invRef>20170022</invRef></trLine>
<trLine>
<nr>119</nr>
<accID>8090</accID>
<docRef>3</docRef>
<effDate>2017-01-31</effDate>
<desc>Offerte 20141215-1</desc>
<amnt>50.00</amnt>
<amntTp>C</amntTp>
<custSupID>D1002</custSupID>
<invRef>20170022</invRef>
<vat>
<vatID>2</vatID>
<vatPerc>21.000</vatPerc>
<vatAmnt>10.50</vatAmnt>
<vatAmntTp>C</vatAmntTp></vat></trLine>
<trLine>
<nr>120</nr>
<accID>3010</accID>
<docRef>4</docRef>
<effDate>2017-01-31</effDate>
<desc>Fa. Brokma Blokhutten v/h Gebr</desc>
<amnt>33.00</amnt>
<amntTp>C</amntTp>
<custSupID>D1002</custSupID>
<invRef>20170022</invRef></trLine>
<trLine>
<nr>121</nr>
<accID>7010</accID>
<docRef>4</docRef>
<effDate>2017-01-31</effDate>
<desc>Fa. Brokma Blokhutten v/h Gebr</desc>
<amnt>33.00</amnt>
<amntTp>D</amntTp>
<custSupID>D1002</custSupID>
<invRef>20170022</invRef></trLine>
<trLine>
<nr>122</nr>
<accID>1300</accID>
<docRef>1</docRef>
<effDate>2017-01-31</effDate>
<desc>Tuinwereld Van Schaik B.V.</desc>
<amnt>1881.07</amnt>
<amntTp>D</amntTp>
<custSupID>D1006</custSupID>
<invRef>20170023</invRef></trLine>
<trLine>
<nr>123</nr>
<accID>1770</accID>
<docRef>2</docRef>
<effDate>2017-01-31</effDate>
<desc>Tuinwereld Van Schaik B.V.</desc>
<amnt>326.47</amnt>
<amntTp>C</amntTp>
<custSupID>D1006</custSupID>
<invRef>20170023</invRef></trLine>
<trLine>
<nr>124</nr>
<accID>8000</accID>
<docRef>3</docRef>
<effDate>2017-01-31</effDate>
<desc>Tuinwereld Van Schaik B.V.</desc>
<amnt>949.11</amnt>
<amntTp>C</amntTp>
<custSupID>D1006</custSupID>
<invRef>20170023</invRef>
<vat>
<vatID>2</vatID>
<vatPerc>21.000</vatPerc>
<vatAmnt>199.31</vatAmnt>
<vatAmntTp>C</vatAmntTp></vat></trLine>
<trLine>
<nr>125</nr>
<accID>8010</accID>
<docRef>4</docRef>
<effDate>2017-01-31</effDate>
<desc>Tuinwereld Van Schaik B.V.</desc>
<amnt>729.03</amnt>
<amntTp>C</amntTp>
<custSupID>D1006</custSupID>
<invRef>20170023</invRef>
<costID>0400</costID>
<vat>
<vatID>2</vatID>
<vatPerc>21.000</vatPerc>
<vatAmnt>153.10</vatAmnt>
<vatAmntTp>C</vatAmntTp></vat></trLine>
<trLine>
<nr>126</nr>
<accID>8040</accID>
<docRef>5</docRef>
<effDate>2017-01-31</effDate>
<desc>Tuinwereld Van Schaik B.V.</desc>
<amnt>49.20</amnt>
<amntTp>C</amntTp>
<custSupID>D1006</custSupID>
<invRef>20170023</invRef>
<vat>
<vatID>2</vatID>
<vatPerc>21.000</vatPerc>
<vatAmnt>10.33</vatAmnt>
<vatAmntTp>C</vatAmntTp></vat></trLine>
<trLine>
<nr>127</nr>
<accID>8000</accID>
<docRef>6</docRef>
<effDate>2017-01-31</effDate>
<desc>Tuinwereld Van Schaik B.V.</desc>
<amnt>94.91</amnt>
<amntTp>D</amntTp>
<custSupID>D1006</custSupID>
<invRef>20170023</invRef>
<vat>
<vatID>2</vatID>
<vatPerc>21.000</vatPerc>
<vatAmnt>-19.93</vatAmnt>
<vatAmntTp>D</vatAmntTp></vat></trLine>
<trLine>
<nr>128</nr>
<accID>8010</accID>
<docRef>7</docRef>
<effDate>2017-01-31</effDate>
<desc>Tuinwereld Van Schaik B.V.</desc>
<amnt>72.91</amnt>
<amntTp>D</amntTp>
<custSupID>D1006</custSupID>
<invRef>20170023</invRef>
<costID>0400</costID>
<vat>
<vatID>2</vatID>
<vatPerc>21.000</vatPerc>
<vatAmnt>-15.31</vatAmnt>
<vatAmntTp>D</vatAmntTp></vat></trLine>
<trLine>
<nr>129</nr>
<accID>8040</accID>
<docRef>8</docRef>
<effDate>2017-01-31</effDate>
<desc>Tuinwereld Van Schaik B.V.</desc>
<amnt>4.92</amnt>
<amntTp>D</amntTp>
<custSupID>D1006</custSupID>
<invRef>20170023</invRef>
<vat>
<vatID>2</vatID>
<vatPerc>21.000</vatPerc>
<vatAmnt>-1.03</vatAmnt>
<vatAmntTp>D</vatAmntTp></vat></trLine>
<trLine>
<nr>130</nr>
<accID>3000</accID>
<docRef>9</docRef>
<effDate>2017-01-31</effDate>
<desc>Tuinwereld Van Schaik B.V.</desc>
<amnt>869.10</amnt>
<amntTp>C</amntTp>
<custSupID>D1006</custSupID>
<invRef>20170023</invRef></trLine>
<trLine>
<nr>131</nr>
<accID>7000</accID>
<docRef>9</docRef>
<effDate>2017-01-31</effDate>
<desc>Tuinwereld Van Schaik B.V.</desc>
<amnt>869.10</amnt>
<amntTp>D</amntTp>
<custSupID>D1006</custSupID>
<invRef>20170023</invRef></trLine>
<trLine>
<nr>132</nr>
<accID>3010</accID>
<docRef>10</docRef>
<effDate>2017-01-31</effDate>
<desc>Tuinwereld Van Schaik B.V.</desc>
<amnt>304.80</amnt>
<amntTp>C</amntTp>
<custSupID>D1006</custSupID>
<invRef>20170023</invRef></trLine>
<trLine>
<nr>133</nr>
<accID>7010</accID>
<docRef>10</docRef>
<effDate>2017-01-31</effDate>
<desc>Tuinwereld Van Schaik B.V.</desc>
<amnt>304.80</amnt>
<amntTp>D</amntTp>
<custSupID>D1006</custSupID>
<invRef>20170023</invRef></trLine>
<trLine>
<nr>134</nr>
<accID>3040</accID>
<docRef>11</docRef>
<effDate>2017-01-31</effDate>
<desc>Tuinwereld Van Schaik B.V.</desc>
<amnt>35.50</amnt>
<amntTp>C</amntTp>
<custSupID>D1006</custSupID>
<invRef>20170023</invRef></trLine>
<trLine>
<nr>135</nr>
<accID>7040</accID>
<docRef>11</docRef>
<effDate>2017-01-31</effDate>
<desc>Tuinwereld Van Schaik B.V.</desc>
<amnt>35.50</amnt>
<amntTp>D</amntTp>
<custSupID>D1006</custSupID>
<invRef>20170023</invRef></trLine>
<trLine>
<nr>136</nr>
<accID>1300</accID>
<docRef>1</docRef>
<effDate>2017-01-31</effDate>
<desc>Vijver- en Tuincentrum Pelckma</desc>
<amnt>2840.00</amnt>
<amntTp>D</amntTp>
<custSupID>D1015</custSupID>
<invRef>20170024</invRef></trLine>
<trLine>
<nr>137</nr>
<accID>8020</accID>
<docRef>2</docRef>
<effDate>2017-01-31</effDate>
<desc>Vijver- en Tuincentrum Pelckma</desc>
<amnt>950.00</amnt>
<amntTp>C</amntTp>
<custSupID>D1015</custSupID>
<invRef>20170024</invRef></trLine>
<trLine>
<nr>138</nr>
<accID>8040</accID>
<docRef>3</docRef>
<effDate>2017-01-31</effDate>
<desc>Vijver- en Tuincentrum Pelckma</desc>
<amnt>1890.00</amnt>
<amntTp>C</amntTp>
<custSupID>D1015</custSupID>
<invRef>20170024</invRef></trLine>
<trLine>
<nr>139</nr>
<accID>3020</accID>
<docRef>4</docRef>
<effDate>2017-01-31</effDate>
<desc>Vijver- en Tuincentrum Pelckma</desc>
<amnt>594.00</amnt>
<amntTp>C</amntTp>
<custSupID>D1015</custSupID>
<invRef>20170024</invRef></trLine>
<trLine>
<nr>140</nr>
<accID>7020</accID>
<docRef>4</docRef>
<effDate>2017-01-31</effDate>
<desc>Vijver- en Tuincentrum Pelckma</desc>
<amnt>594.00</amnt>
<amntTp>D</amntTp>
<custSupID>D1015</custSupID>
<invRef>20170024</invRef></trLine>
<trLine>
<nr>141</nr>
<accID>3040</accID>
<docRef>5</docRef>
<effDate>2017-01-31</effDate>
<desc>Vijver- en Tuincentrum Pelckma</desc>
<amnt>1080.00</amnt>
<amntTp>C</amntTp>
<custSupID>D1015</custSupID>
<invRef>20170024</invRef></trLine>
<trLine>
<nr>142</nr>
<accID>7040</accID>
<docRef>5</docRef>
<effDate>2017-01-31</effDate>
<desc>Vijver- en Tuincentrum Pelckma</desc>
<amnt>1080.00</amnt>
<amntTp>D</amntTp>
<custSupID>D1015</custSupID>
<invRef>20170024</invRef></trLine></transaction>
<transaction>
<nr>2-16</nr>
<desc>Steenplaza F. de Vries</desc>
<periodNumber>2</periodNumber>
<trDt>2017-02-08</trDt>
<amnt>0.00</amnt>
<amntTp>D</amntTp>
<trLine>
<nr>114</nr>
<accID>1300</accID>
<docRef>1</docRef>
<effDate>2017-02-08</effDate>
<desc>Steenplaza F. de Vries</desc>
<amnt>652.19</amnt>
<amntTp>D</amntTp>
<custSupID>D1014</custSupID>
<invRef>20170021</invRef></trLine>
<trLine>
<nr>115</nr>
<accID>1770</accID>
<docRef>2</docRef>
<effDate>2017-02-08</effDate>
<desc>Steenplaza F. de Vries</desc>
<amnt>113.19</amnt>
<amntTp>C</amntTp>
<custSupID>D1014</custSupID>
<invRef>20170021</invRef></trLine>
<trLine>
<nr>116</nr>
<accID>8070</accID>
<docRef>3</docRef>
<effDate>2017-02-08</effDate>
<desc>Siertegels</desc>
<amnt>539.00</amnt>
<amntTp>C</amntTp>
<custSupID>D1014</custSupID>
<invRef>20170021</invRef>
<vat>
<vatID>2</vatID>
<vatPerc>21.000</vatPerc>
<vatAmnt>113.19</vatAmnt>
<vatAmntTp>C</vatAmntTp></vat></trLine></transaction>
<transaction>
<nr>1-17</nr>
<desc>Van Bekkerem B.V.</desc>
<periodNumber>1</periodNumber>
<trDt>2017-01-29</trDt>
<amnt>0.00</amnt>
<amntTp>D</amntTp>
<trLine>
<nr>143</nr>
<accID>1300</accID>
<docRef>1</docRef>
<effDate>2017-01-29</effDate>
<desc>Van Bekkerem B.V.</desc>
<amnt>268.33</amnt>
<amntTp>D</amntTp>
<custSupID>D1001</custSupID>
<invRef>20170015</invRef></trLine>
<trLine>
<nr>144</nr>
<accID>1770</accID>
<docRef>2</docRef>
<effDate>2017-01-29</effDate>
<desc>Van Bekkerem B.V.</desc>
<amnt>46.57</amnt>
<amntTp>C</amntTp>
<custSupID>D1001</custSupID>
<invRef>20170015</invRef></trLine>
<trLine>
<nr>145</nr>
<accID>8010</accID>
<docRef>3</docRef>
<effDate>2017-01-29</effDate>
<desc>Diverse schalen</desc>
<amnt>221.76</amnt>
<amntTp>C</amntTp>
<custSupID>D1001</custSupID>
<invRef>20170015</invRef>
<costID>0400</costID>
<vat>
<vatID>2</vatID>
<vatPerc>21.000</vatPerc>
<vatAmnt>46.57</vatAmnt>
<vatAmntTp>C</vatAmntTp></vat></trLine></transaction>
<transaction>
<nr>2-18</nr>
<desc>Incasso Kwartaal OH Tuin</desc>
<periodNumber>2</periodNumber>
<trDt>2017-02-01</trDt>
<amnt>0.00</amnt>
<amntTp>D</amntTp>
<trLine>
<nr>146</nr>
<accID>1300</accID>
<docRef>1</docRef>
<effDate>2017-02-01</effDate>
<desc>Incasso Kwartaal OH Tuin</desc>
<amnt>76.20</amnt>
<amntTp>D</amntTp>
<custSupID>D1003</custSupID>
<invRef>20170025</invRef></trLine>
<trLine>
<nr>147</nr>
<accID>1770</accID>
<docRef>2</docRef>
<effDate>2017-02-01</effDate>
<desc>Incasso Kwartaal OH Tuin</desc>
<amnt>13.22</amnt>
<amntTp>C</amntTp>
<custSupID>D1003</custSupID>
<invRef>20170025</invRef></trLine>
<trLine>
<nr>148</nr>
<accID>8060</accID>
<docRef>3</docRef>
<effDate>2017-02-01</effDate>
<desc>Incasso Kwartaal OH Tuin</desc>
<amnt>62.98</amnt>
<amntTp>C</amntTp>
<custSupID>D1003</custSupID>
<invRef>20170025</invRef>
<vat>
<vatID>2</vatID>
<vatPerc>21.000</vatPerc>
<vatAmnt>13.22</vatAmnt>
<vatAmntTp>C</vatAmntTp></vat></trLine>
<trLine>
<nr>149</nr>
<accID>1300</accID>
<docRef>1</docRef>
<effDate>2017-02-01</effDate>
<desc>Installatieondhoud jaarlijks</desc>
<amnt>287.88</amnt>
<amntTp>D</amntTp>
<custSupID>D1006</custSupID>
<invRef>20170026</invRef></trLine>
<trLine>
<nr>150</nr>
<accID>1770</accID>
<docRef>2</docRef>
<effDate>2017-02-01</effDate>
<desc>Installatieondhoud jaarlijks</desc>
<amnt>49.96</amnt>
<amntTp>C</amntTp>
<custSupID>D1006</custSupID>
<invRef>20170026</invRef></trLine>
<trLine>
<nr>151</nr>
<accID>8060</accID>
<docRef>3</docRef>
<effDate>2017-02-01</effDate>
<desc>Installatieondhoud jaarlijks</desc>
<amnt>237.92</amnt>
<amntTp>C</amntTp>
<custSupID>D1006</custSupID>
<invRef>20170026</invRef>
<vat>
<vatID>2</vatID>
<vatPerc>21.000</vatPerc>
<vatAmnt>49.96</vatAmnt>
<vatAmntTp>C</vatAmntTp></vat></trLine>
<trLine>
<nr>152</nr>
<accID>1300</accID>
<docRef>1</docRef>
<effDate>2017-02-01</effDate>
<desc>Halfjaar OH tuin</desc>
<amnt>181.70</amnt>
<amntTp>D</amntTp>
<custSupID>D1007</custSupID>
<invRef>20170027</invRef></trLine>
<trLine>
<nr>153</nr>
<accID>1770</accID>
<docRef>2</docRef>
<effDate>2017-02-01</effDate>
<desc>Halfjaar OH tuin</desc>
<amnt>31.53</amnt>
<amntTp>C</amntTp>
<custSupID>D1007</custSupID>
<invRef>20170027</invRef></trLine>
<trLine>
<nr>154</nr>
<accID>8060</accID>
<docRef>3</docRef>
<effDate>2017-02-01</effDate>
<desc>Halfjaar OH tuin</desc>
<amnt>150.17</amnt>
<amntTp>C</amntTp>
<custSupID>D1007</custSupID>
<invRef>20170027</invRef>
<vat>
<vatID>2</vatID>
<vatPerc>21.000</vatPerc>
<vatAmnt>31.53</vatAmnt>
<vatAmntTp>C</vatAmntTp></vat></trLine></transaction>
<transaction>
<nr>2-19</nr>
<desc>Van Bekkerem B.V.</desc>
<periodNumber>2</periodNumber>
<trDt>2017-02-02</trDt>
<amnt>0.00</amnt>
<amntTp>D</amntTp>
<trLine>
<nr>159</nr>
<accID>1300</accID>
<docRef>1</docRef>
<effDate>2017-02-02</effDate>
<desc>Van Bekkerem B.V.</desc>
<amnt>1355.20</amnt>
<amntTp>D</amntTp>
<custSupID>D1001</custSupID>
<invRef>20170028</invRef></trLine>
<trLine>
<nr>160</nr>
<accID>1770</accID>
<docRef>2</docRef>
<effDate>2017-02-02</effDate>
<desc>Van Bekkerem B.V.</desc>
<amnt>235.20</amnt>
<amntTp>C</amntTp>
<custSupID>D1001</custSupID>
<invRef>20170028</invRef></trLine>
<trLine>
<nr>161</nr>
<accID>2016</accID>
<docRef>3</docRef>
<effDate>2017-02-02</effDate>
<desc>Van Bekkerem B.V.</desc>
<amnt>1120.00</amnt>
<amntTp>C</amntTp>
<custSupID>D1001</custSupID>
<invRef>20170028</invRef>
<vat>
<vatID>2</vatID>
<vatPerc>21.000</vatPerc>
<vatAmnt>235.20</vatAmnt>
<vatAmntTp>C</vatAmntTp></vat></trLine></transaction>
<transaction>
<nr>2-20</nr>
<desc>Inkoopcombinatie CO-OP</desc>
<periodNumber>2</periodNumber>
<trDt>2017-02-09</trDt>
<amnt>0.00</amnt>
<amntTp>D</amntTp>
<trLine>
<nr>162</nr>
<accID>1300</accID>
<docRef>1</docRef>
<effDate>2017-02-09</effDate>
<desc>Inkoopcombinatie CO-OP</desc>
<amnt>5445.00</amnt>
<amntTp>D</amntTp>
<custSupID>D1013</custSupID>
<invRef>20160013</invRef></trLine>
<trLine>
<nr>163</nr>
<accID>1770</accID>
<docRef>2</docRef>
<effDate>2017-02-09</effDate>
<desc>Inkoopcombinatie CO-OP</desc>
<amnt>945.00</amnt>
<amntTp>C</amntTp>
<custSupID>D1013</custSupID>
<invRef>20160013</invRef></trLine>
<trLine>
<nr>164</nr>
<accID>2016</accID>
<docRef>3</docRef>
<effDate>2017-02-09</effDate>
<desc>Inkoopcombinatie CO-OP</desc>
<amnt>4500.00</amnt>
<amntTp>C</amntTp>
<custSupID>D1013</custSupID>
<invRef>20160013</invRef>
<vat>
<vatID>2</vatID>
<vatPerc>21.000</vatPerc>
<vatAmnt>945.00</vatAmnt>
<vatAmntTp>C</vatAmntTp></vat></trLine></transaction>
<transaction>
<nr>2-21</nr>
<desc>Van Haaften International B.V.</desc>
<periodNumber>2</periodNumber>
<trDt>2017-02-28</trDt>
<amnt>0.00</amnt>
<amntTp>D</amntTp>
<trLine>
<nr>169</nr>
<accID>1300</accID>
<docRef>1</docRef>
<effDate>2017-02-28</effDate>
<desc>Van Haaften International B.V.</desc>
<amnt>125.84</amnt>
<amntTp>D</amntTp>
<custSupID>D1003</custSupID>
<invRef>20170029</invRef></trLine>
<trLine>
<nr>170</nr>
<accID>1770</accID>
<docRef>2</docRef>
<effDate>2017-02-28</effDate>
<desc>Van Haaften International B.V.</desc>
<amnt>21.84</amnt>
<amntTp>C</amntTp>
<custSupID>D1003</custSupID>
<invRef>20170029</invRef></trLine>
<trLine>
<nr>171</nr>
<accID>8010</accID>
<docRef>3</docRef>
<effDate>2017-02-28</effDate>
<desc>Van Haaften International B.V.</desc>
<amnt>104.00</amnt>
<amntTp>C</amntTp>
<custSupID>D1003</custSupID>
<invRef>20170029</invRef>
<costID>0400</costID>
<vat>
<vatID>2</vatID>
<vatPerc>21.000</vatPerc>
<vatAmnt>21.84</vatAmnt>
<vatAmntTp>C</vatAmntTp></vat></trLine>
<trLine>
<nr>172</nr>
<accID>3010</accID>
<docRef>4</docRef>
<effDate>2017-02-28</effDate>
<desc>Van Haaften International B.V.</desc>
<amnt>69.00</amnt>
<amntTp>C</amntTp>
<custSupID>D1003</custSupID>
<invRef>20170029</invRef></trLine>
<trLine>
<nr>173</nr>
<accID>7010</accID>
<docRef>4</docRef>
<effDate>2017-02-28</effDate>
<desc>Van Haaften International B.V.</desc>
<amnt>69.00</amnt>
<amntTp>D</amntTp>
<custSupID>D1003</custSupID>
<invRef>20170029</invRef></trLine>
<trLine>
<nr>174</nr>
<accID>1310</accID>
<docRef>1</docRef>
<effDate>2017-02-28</effDate>
<desc>Garden Impressions Beverly</desc>
<amnt>2973.56</amnt>
<amntTp>D</amntTp>
<custSupID>D1004</custSupID>
<invRef>20170030</invRef></trLine>
<trLine>
<nr>175</nr>
<accID>8040</accID>
<docRef>2</docRef>
<effDate>2017-02-28</effDate>
<desc>Garden Impressions Beverly</desc>
<amnt>2973.56</amnt>
<amntTp>C</amntTp>
<custSupID>D1004</custSupID>
<invRef>20170030</invRef></trLine>
<trLine>
<nr>176</nr>
<accID>3040</accID>
<docRef>3</docRef>
<effDate>2017-02-28</effDate>
<desc>Garden Impressions Beverly</desc>
<amnt>2120.00</amnt>
<amntTp>C</amntTp>
<custSupID>D1004</custSupID>
<invRef>20170030</invRef></trLine>
<trLine>
<nr>177</nr>
<accID>7040</accID>
<docRef>3</docRef>
<effDate>2017-02-28</effDate>
<desc>Garden Impressions Beverly</desc>
<amnt>2120.00</amnt>
<amntTp>D</amntTp>
<custSupID>D1004</custSupID>
<invRef>20170030</invRef></trLine></transaction>
<transaction>
<nr>2-22</nr>
<desc>Incasso Kwartaal OH Tuin</desc>
<periodNumber>2</periodNumber>
<trDt>2017-02-15</trDt>
<amnt>0.00</amnt>
<amntTp>D</amntTp>
<trLine>
<nr>178</nr>
<accID>1300</accID>
<docRef>1</docRef>
<effDate>2017-02-15</effDate>
<desc>Incasso Kwartaal OH Tuin</desc>
<amnt>97.07</amnt>
<amntTp>D</amntTp>
<custSupID>D1003</custSupID>
<invRef>20170031</invRef></trLine>
<trLine>
<nr>179</nr>
<accID>1770</accID>
<docRef>2</docRef>
<effDate>2017-02-15</effDate>
<desc>Incasso Kwartaal OH Tuin</desc>
<amnt>16.85</amnt>
<amntTp>C</amntTp>
<custSupID>D1003</custSupID>
<invRef>20170031</invRef></trLine>
<trLine>
<nr>180</nr>
<accID>8060</accID>
<docRef>3</docRef>
<effDate>2017-02-15</effDate>
<desc>Incasso Kwartaal OH Tuin</desc>
<amnt>80.22</amnt>
<amntTp>C</amntTp>
<custSupID>D1003</custSupID>
<invRef>20170031</invRef>
<vat>
<vatID>2</vatID>
<vatPerc>21.000</vatPerc>
<vatAmnt>16.85</vatAmnt>
<vatAmntTp>C</vatAmntTp></vat></trLine></transaction></journal>
<journal>
<jrnID>VGO</jrnID>
<desc>Voorraad goederenontvangst</desc>
<jrnTp>Z</jrnTp>
<offsetAccID>2020</offsetAccID>
<transaction>
<nr>1-1</nr>
<desc>Goederenontvangst</desc>
<periodNumber>1</periodNumber>
<trDt>2017-03-31</trDt>
<amnt>0.00</amnt>
<amntTp>D</amntTp>
<trLine>
<nr>1</nr>
<accID>3020</accID>
<docRef>1</docRef>
<effDate>2017-03-31</effDate>
<desc>Goederenontvangst</desc>
<amnt>338.82</amnt>
<amntTp>D</amntTp>
<custSupID>C7004</custSupID>
<invRef>20170001</invRef></trLine>
<trLine>
<nr>2</nr>
<accID>2090</accID>
<docRef>1</docRef>
<effDate>2017-03-31</effDate>
<desc>Goederenontvangst</desc>
<amnt>134.34</amnt>
<amntTp>C</amntTp>
<custSupID>C7004</custSupID>
<invRef>20170001</invRef></trLine>
<trLine>
<nr>3</nr>
<accID>2035</accID>
<docRef>1</docRef>
<effDate>2017-03-31</effDate>
<desc>Goederenontvangst</desc>
<amnt>204.48</amnt>
<amntTp>C</amntTp>
<custSupID>C7004</custSupID>
<invRef>20170001</invRef></trLine>
<trLine>
<nr>4</nr>
<accID>3030</accID>
<docRef>1</docRef>
<effDate>2017-03-31</effDate>
<desc>Goederenontvangst</desc>
<amnt>285.30</amnt>
<amntTp>D</amntTp>
<custSupID>C7014</custSupID>
<invRef>20170002</invRef></trLine>
<trLine>
<nr>5</nr>
<accID>2090</accID>
<docRef>1</docRef>
<effDate>2017-03-31</effDate>
<desc>Goederenontvangst</desc>
<amnt>285.30</amnt>
<amntTp>C</amntTp>
<custSupID>C7014</custSupID>
<invRef>20170002</invRef></trLine>
<trLine>
<nr>6</nr>
<accID>3040</accID>
<docRef>1</docRef>
<effDate>2017-03-31</effDate>
<desc>Goederenontvangst</desc>
<amnt>1320.00</amnt>
<amntTp>D</amntTp>
<custSupID>C7001</custSupID>
<invRef>20170003</invRef></trLine>
<trLine>
<nr>7</nr>
<accID>2090</accID>
<docRef>1</docRef>
<effDate>2017-03-31</effDate>
<desc>Goederenontvangst</desc>
<amnt>100.75</amnt>
<amntTp>C</amntTp>
<custSupID>C7001</custSupID>
<invRef>20170003</invRef></trLine>
<trLine>
<nr>8</nr>
<accID>2035</accID>
<docRef>1</docRef>
<effDate>2017-03-31</effDate>
<desc>Goederenontvangst</desc>
<amnt>1219.25</amnt>
<amntTp>C</amntTp>
<custSupID>C7001</custSupID>
<invRef>20170003</invRef></trLine></transaction>
<transaction>
<nr>1-2</nr>
<desc>Goederenontvangst</desc>
<periodNumber>1</periodNumber>
<trDt>2017-01-07</trDt>
<amnt>0.00</amnt>
<amntTp>D</amntTp>
<trLine>
<nr>9</nr>
<accID>3030</accID>
<docRef>1</docRef>
<effDate>2017-01-07</effDate>
<desc>Goederenontvangst</desc>
<amnt>231.75</amnt>
<amntTp>D</amntTp>
<custSupID>C7001</custSupID>
<invRef>20170004</invRef></trLine>
<trLine>
<nr>10</nr>
<accID>2090</accID>
<docRef>1</docRef>
<effDate>2017-01-07</effDate>
<desc>Goederenontvangst</desc>
<amnt>19.30</amnt>
<amntTp>C</amntTp>
<custSupID>C7001</custSupID>
<invRef>20170004</invRef></trLine>
<trLine>
<nr>11</nr>
<accID>2035</accID>
<docRef>1</docRef>
<effDate>2017-01-07</effDate>
<desc>Goederenontvangst</desc>
<amnt>212.45</amnt>
<amntTp>C</amntTp>
<custSupID>C7001</custSupID>
<invRef>20170004</invRef></trLine></transaction>
<transaction>
<nr>1-3</nr>
<desc>Goederenontvangst</desc>
<periodNumber>1</periodNumber>
<trDt>2017-01-18</trDt>
<amnt>0.00</amnt>
<amntTp>D</amntTp>
<trLine>
<nr>12</nr>
<accID>3000</accID>
<docRef>1</docRef>
<effDate>2017-01-18</effDate>
<desc>Goederenontvangst</desc>
<amnt>70.50</amnt>
<amntTp>D</amntTp>
<custSupID>C7011</custSupID>
<invRef>20170005</invRef></trLine>
<trLine>
<nr>13</nr>
<accID>2090</accID>
<docRef>1</docRef>
<effDate>2017-01-18</effDate>
<desc>Goederenontvangst</desc>
<amnt>11.73</amnt>
<amntTp>C</amntTp>
<custSupID>C7011</custSupID>
<invRef>20170005</invRef></trLine>
<trLine>
<nr>14</nr>
<accID>2035</accID>
<docRef>1</docRef>
<effDate>2017-01-18</effDate>
<desc>Goederenontvangst</desc>
<amnt>58.77</amnt>
<amntTp>C</amntTp>
<custSupID>C7011</custSupID>
<invRef>20170005</invRef></trLine></transaction>
<transaction>
<nr>1-4</nr>
<desc>Goederenontvangst</desc>
<periodNumber>1</periodNumber>
<trDt>2017-01-22</trDt>
<amnt>0.00</amnt>
<amntTp>D</amntTp>
<trLine>
<nr>15</nr>
<accID>3010</accID>
<docRef>1</docRef>
<effDate>2017-01-22</effDate>
<desc>Goederenontvangst</desc>
<amnt>480.00</amnt>
<amntTp>D</amntTp>
<custSupID>C7005</custSupID>
<invRef>20170006</invRef></trLine>
<trLine>
<nr>16</nr>
<accID>2090</accID>
<docRef>1</docRef>
<effDate>2017-01-22</effDate>
<desc>Goederenontvangst</desc>
<amnt>34.50</amnt>
<amntTp>C</amntTp>
<custSupID>C7005</custSupID>
<invRef>20170006</invRef></trLine>
<trLine>
<nr>17</nr>
<accID>2035</accID>
<docRef>1</docRef>
<effDate>2017-01-22</effDate>
<desc>Goederenontvangst</desc>
<amnt>445.50</amnt>
<amntTp>C</amntTp>
<custSupID>C7005</custSupID>
<invRef>20170006</invRef></trLine></transaction>
<transaction>
<nr>2-5</nr>
<desc>Goederenontvangst</desc>
<periodNumber>2</periodNumber>
<trDt>2017-02-02</trDt>
<amnt>0.00</amnt>
<amntTp>D</amntTp>
<trLine>
<nr>18</nr>
<accID>3020</accID>
<docRef>1</docRef>
<effDate>2017-02-02</effDate>
<desc>Goederenontvangst</desc>
<amnt>1857.60</amnt>
<amntTp>D</amntTp>
<custSupID>C7014</custSupID>
<invRef>20170007</invRef></trLine>
<trLine>
<nr>19</nr>
<accID>2090</accID>
<docRef>1</docRef>
<effDate>2017-02-02</effDate>
<desc>Goederenontvangst</desc>
<amnt>161.22</amnt>
<amntTp>C</amntTp>
<custSupID>C7014</custSupID>
<invRef>20170007</invRef></trLine>
<trLine>
<nr>20</nr>
<accID>2035</accID>
<docRef>1</docRef>
<effDate>2017-02-02</effDate>
<desc>Goederenontvangst</desc>
<amnt>1696.38</amnt>
<amntTp>C</amntTp>
<custSupID>C7014</custSupID>
<invRef>20170007</invRef></trLine></transaction>
<transaction>
<nr>2-6</nr>
<desc>Goederenontvangst</desc>
<periodNumber>2</periodNumber>
<trDt>2017-02-02</trDt>
<amnt>0.00</amnt>
<amntTp>D</amntTp>
<trLine>
<nr>21</nr>
<accID>3050</accID>
<docRef>1</docRef>
<effDate>2017-02-02</effDate>
<desc>Goederenontvangst</desc>
<amnt>333.70</amnt>
<amntTp>D</amntTp>
<custSupID>C7001</custSupID>
<invRef>20170008</invRef></trLine>
<trLine>
<nr>22</nr>
<accID>2090</accID>
<docRef>1</docRef>
<effDate>2017-02-02</effDate>
<desc>Goederenontvangst</desc>
<amnt>114.82</amnt>
<amntTp>C</amntTp>
<custSupID>C7001</custSupID>
<invRef>20170008</invRef></trLine>
<trLine>
<nr>23</nr>
<accID>2035</accID>
<docRef>1</docRef>
<effDate>2017-02-02</effDate>
<desc>Goederenontvangst</desc>
<amnt>218.88</amnt>
<amntTp>C</amntTp>
<custSupID>C7001</custSupID>
<invRef>20170008</invRef></trLine></transaction></journal>
<journal>
<jrnID>VMU</jrnID>
<desc>Voorraadmutaties</desc>
<jrnTp>Z</jrnTp>
<offsetAccID>2020</offsetAccID>
<transaction>
<nr>1-1</nr>
<desc>Beginvoorraad</desc>
<periodNumber>1</periodNumber>
<trDt>2017-01-02</trDt>
<amnt>0.00</amnt>
<amntTp>D</amntTp>
<trLine>
<nr>1</nr>
<accID>3040</accID>
<docRef>1</docRef>
<effDate>2017-01-02</effDate>
<desc>Beginvoorraad</desc>
<amnt>29.40</amnt>
<amntTp>D</amntTp>
<invRef>20170004</invRef></trLine>
<trLine>
<nr>2</nr>
<accID>2020</accID>
<docRef>1</docRef>
<effDate>2017-01-02</effDate>
<desc>Beginvoorraad</desc>
<amnt>29.40</amnt>
<amntTp>C</amntTp>
<invRef>20170004</invRef></trLine>
<trLine>
<nr>3</nr>
<accID>3040</accID>
<docRef>1</docRef>
<effDate>2017-01-02</effDate>
<desc>Beginvoorraad</desc>
<amnt>58.20</amnt>
<amntTp>D</amntTp>
<invRef>20170005</invRef></trLine>
<trLine>
<nr>4</nr>
<accID>3040</accID>
<docRef>2</docRef>
<effDate>2017-01-02</effDate>
<desc>Beginvoorraad</desc>
<amnt>71.00</amnt>
<amntTp>D</amntTp>
<invRef>20170005</invRef></trLine>
<trLine>
<nr>5</nr>
<accID>3040</accID>
<docRef>3</docRef>
<effDate>2017-01-02</effDate>
<desc>Beginvoorraad</desc>
<amnt>35.50</amnt>
<amntTp>D</amntTp>
<invRef>20170005</invRef></trLine>
<trLine>
<nr>6</nr>
<accID>2020</accID>
<docRef>1</docRef>
<effDate>2017-01-02</effDate>
<desc>Beginvoorraad</desc>
<amnt>58.20</amnt>
<amntTp>C</amntTp>
<invRef>20170005</invRef></trLine>
<trLine>
<nr>7</nr>
<accID>2020</accID>
<docRef>2</docRef>
<effDate>2017-01-02</effDate>
<desc>Beginvoorraad</desc>
<amnt>71.00</amnt>
<amntTp>C</amntTp>
<invRef>20170005</invRef></trLine>
<trLine>
<nr>8</nr>
<accID>2020</accID>
<docRef>3</docRef>
<effDate>2017-01-02</effDate>
<desc>Beginvoorraad</desc>
<amnt>35.50</amnt>
<amntTp>C</amntTp>
<invRef>20170005</invRef></trLine>
<trLine>
<nr>9</nr>
<accID>3050</accID>
<docRef>1</docRef>
<effDate>2017-01-02</effDate>
<desc>Beginvoorraad</desc>
<amnt>159.90</amnt>
<amntTp>D</amntTp>
<invRef>20170005</invRef></trLine>
<trLine>
<nr>10</nr>
<accID>2020</accID>
<docRef>1</docRef>
<effDate>2017-01-02</effDate>
<desc>Beginvoorraad</desc>
<amnt>159.90</amnt>
<amntTp>C</amntTp>
<invRef>20170005</invRef></trLine>
<trLine>
<nr>11</nr>
<accID>3050</accID>
<docRef>1</docRef>
<effDate>2017-01-02</effDate>
<desc>Beginvoorraad</desc>
<amnt>44.90</amnt>
<amntTp>D</amntTp>
<invRef>20170005</invRef></trLine>
<trLine>
<nr>12</nr>
<accID>3050</accID>
<docRef>2</docRef>
<effDate>2017-01-02</effDate>
<desc>Beginvoorraad</desc>
<amnt>23.00</amnt>
<amntTp>D</amntTp>
<invRef>20170005</invRef></trLine>
<trLine>
<nr>13</nr>
<accID>2020</accID>
<docRef>1</docRef>
<effDate>2017-01-02</effDate>
<desc>Beginvoorraad</desc>
<amnt>44.90</amnt>
<amntTp>C</amntTp>
<invRef>20170005</invRef></trLine>
<trLine>
<nr>14</nr>
<accID>2020</accID>
<docRef>2</docRef>
<effDate>2017-01-02</effDate>
<desc>Beginvoorraad</desc>
<amnt>23.00</amnt>
<amntTp>C</amntTp>
<invRef>20170005</invRef></trLine>
<trLine>
<nr>15</nr>
<accID>3000</accID>
<docRef>1</docRef>
<effDate>2017-01-02</effDate>
<desc>Beginvoorraad</desc>
<amnt>117.50</amnt>
<amntTp>D</amntTp>
<invRef>20170005</invRef></trLine>
<trLine>
<nr>16</nr>
<accID>3000</accID>
<docRef>2</docRef>
<effDate>2017-01-02</effDate>
<desc>Beginvoorraad</desc>
<amnt>171.50</amnt>
<amntTp>D</amntTp>
<invRef>20170005</invRef></trLine>
<trLine>
<nr>17</nr>
<accID>3000</accID>
<docRef>3</docRef>
<effDate>2017-01-02</effDate>
<desc>Beginvoorraad</desc>
<amnt>206.00</amnt>
<amntTp>D</amntTp>
<invRef>20170005</invRef></trLine>
<trLine>
<nr>18</nr>
<accID>2020</accID>
<docRef>1</docRef>
<effDate>2017-01-02</effDate>
<desc>Beginvoorraad</desc>
<amnt>117.50</amnt>
<amntTp>C</amntTp>
<invRef>20170005</invRef></trLine>
<trLine>
<nr>19</nr>
<accID>2020</accID>
<docRef>2</docRef>
<effDate>2017-01-02</effDate>
<desc>Beginvoorraad</desc>
<amnt>171.50</amnt>
<amntTp>C</amntTp>
<invRef>20170005</invRef></trLine>
<trLine>
<nr>20</nr>
<accID>2020</accID>
<docRef>3</docRef>
<effDate>2017-01-02</effDate>
<desc>Beginvoorraad</desc>
<amnt>206.00</amnt>
<amntTp>C</amntTp>
<invRef>20170005</invRef></trLine>
<trLine>
<nr>21</nr>
<accID>3010</accID>
<docRef>1</docRef>
<effDate>2017-01-02</effDate>
<desc>Beginvoorraad</desc>
<amnt>412.50</amnt>
<amntTp>D</amntTp>
<invRef>20170005</invRef></trLine>
<trLine>
<nr>22</nr>
<accID>3010</accID>
<docRef>2</docRef>
<effDate>2017-01-02</effDate>
<desc>Beginvoorraad</desc>
<amnt>320.00</amnt>
<amntTp>D</amntTp>
<invRef>20170005</invRef></trLine>
<trLine>
<nr>23</nr>
<accID>3010</accID>
<docRef>3</docRef>
<effDate>2017-01-02</effDate>
<desc>Beginvoorraad</desc>
<amnt>146.00</amnt>
<amntTp>D</amntTp>
<invRef>20170005</invRef></trLine>
<trLine>
<nr>24</nr>
<accID>3010</accID>
<docRef>4</docRef>
<effDate>2017-01-02</effDate>
<desc>Beginvoorraad</desc>
<amnt>249.00</amnt>
<amntTp>D</amntTp>
<invRef>20170005</invRef></trLine>
<trLine>
<nr>25</nr>
<accID>3020</accID>
<docRef>5</docRef>
<effDate>2017-01-02</effDate>
<desc>Beginvoorraad</desc>
<amnt>326.41</amnt>
<amntTp>D</amntTp>
<invRef>20170005</invRef></trLine>
<trLine>
<nr>26</nr>
<accID>3020</accID>
<docRef>6</docRef>
<effDate>2017-01-02</effDate>
<desc>Beginvoorraad</desc>
<amnt>375.44</amnt>
<amntTp>D</amntTp>
<invRef>20170005</invRef></trLine>
<trLine>
<nr>27</nr>
<accID>3020</accID>
<docRef>7</docRef>
<effDate>2017-01-02</effDate>
<desc>Beginvoorraad</desc>
<amnt>58.44</amnt>
<amntTp>D</amntTp>
<invRef>20170005</invRef></trLine>
<trLine>
<nr>28</nr>
<accID>2020</accID>
<docRef>1</docRef>
<effDate>2017-01-02</effDate>
<desc>Beginvoorraad</desc>
<amnt>412.50</amnt>
<amntTp>C</amntTp>
<invRef>20170005</invRef></trLine>
<trLine>
<nr>29</nr>
<accID>2020</accID>
<docRef>2</docRef>
<effDate>2017-01-02</effDate>
<desc>Beginvoorraad</desc>
<amnt>320.00</amnt>
<amntTp>C</amntTp>
<invRef>20170005</invRef></trLine>
<trLine>
<nr>30</nr>
<accID>2020</accID>
<docRef>3</docRef>
<effDate>2017-01-02</effDate>
<desc>Beginvoorraad</desc>
<amnt>146.00</amnt>
<amntTp>C</amntTp>
<invRef>20170005</invRef></trLine>
<trLine>
<nr>31</nr>
<accID>2020</accID>
<docRef>4</docRef>
<effDate>2017-01-02</effDate>
<desc>Beginvoorraad</desc>
<amnt>249.00</amnt>
<amntTp>C</amntTp>
<invRef>20170005</invRef></trLine>
<trLine>
<nr>32</nr>
<accID>2020</accID>
<docRef>5</docRef>
<effDate>2017-01-02</effDate>
<desc>Beginvoorraad</desc>
<amnt>326.41</amnt>
<amntTp>C</amntTp>
<invRef>20170005</invRef></trLine>
<trLine>
<nr>33</nr>
<accID>2020</accID>
<docRef>6</docRef>
<effDate>2017-01-02</effDate>
<desc>Beginvoorraad</desc>
<amnt>375.44</amnt>
<amntTp>C</amntTp>
<invRef>20170005</invRef></trLine>
<trLine>
<nr>34</nr>
<accID>2020</accID>
<docRef>7</docRef>
<effDate>2017-01-02</effDate>
<desc>Beginvoorraad</desc>
<amnt>58.44</amnt>
<amntTp>C</amntTp>
<invRef>20170005</invRef></trLine>
<trLine>
<nr>35</nr>
<accID>3040</accID>
<docRef>1</docRef>
<effDate>2017-01-02</effDate>
<desc>Beginvoorraad</desc>
<amnt>1145.00</amnt>
<amntTp>D</amntTp>
<invRef>20170005</invRef></trLine>
<trLine>
<nr>36</nr>
<accID>3040</accID>
<docRef>2</docRef>
<effDate>2017-01-02</effDate>
<desc>Beginvoorraad</desc>
<amnt>525.00</amnt>
<amntTp>D</amntTp>
<invRef>20170005</invRef></trLine>
<trLine>
<nr>37</nr>
<accID>3040</accID>
<docRef>3</docRef>
<effDate>2017-01-02</effDate>
<desc>Beginvoorraad</desc>
<amnt>408.00</amnt>
<amntTp>D</amntTp>
<invRef>20170005</invRef></trLine>
<trLine>
<nr>38</nr>
<accID>3040</accID>
<docRef>4</docRef>
<effDate>2017-01-02</effDate>
<desc>Beginvoorraad</desc>
<amnt>228.00</amnt>
<amntTp>D</amntTp>
<invRef>20170005</invRef></trLine>
<trLine>
<nr>39</nr>
<accID>3030</accID>
<docRef>5</docRef>
<effDate>2017-01-02</effDate>
<desc>Beginvoorraad</desc>
<amnt>63.90</amnt>
<amntTp>D</amntTp>
<invRef>20170005</invRef></trLine>
<trLine>
<nr>40</nr>
<accID>3030</accID>
<docRef>6</docRef>
<effDate>2017-01-02</effDate>
<desc>Beginvoorraad</desc>
<amnt>71.40</amnt>
<amntTp>D</amntTp>
<invRef>20170005</invRef></trLine>
<trLine>
<nr>41</nr>
<accID>3030</accID>
<docRef>7</docRef>
<effDate>2017-01-02</effDate>
<desc>Beginvoorraad</desc>
<amnt>150.00</amnt>
<amntTp>D</amntTp>
<invRef>20170005</invRef></trLine>
<trLine>
<nr>42</nr>
<accID>3030</accID>
<docRef>8</docRef>
<effDate>2017-01-02</effDate>
<desc>Beginvoorraad</desc>
<amnt>154.50</amnt>
<amntTp>D</amntTp>
<invRef>20170005</invRef></trLine>
<trLine>
<nr>43</nr>
<accID>2020</accID>
<docRef>1</docRef>
<effDate>2017-01-02</effDate>
<desc>Beginvoorraad</desc>
<amnt>1145.00</amnt>
<amntTp>C</amntTp>
<invRef>20170005</invRef></trLine>
<trLine>
<nr>44</nr>
<accID>2020</accID>
<docRef>2</docRef>
<effDate>2017-01-02</effDate>
<desc>Beginvoorraad</desc>
<amnt>525.00</amnt>
<amntTp>C</amntTp>
<invRef>20170005</invRef></trLine>
<trLine>
<nr>45</nr>
<accID>2020</accID>
<docRef>3</docRef>
<effDate>2017-01-02</effDate>
<desc>Beginvoorraad</desc>
<amnt>408.00</amnt>
<amntTp>C</amntTp>
<invRef>20170005</invRef></trLine>
<trLine>
<nr>46</nr>
<accID>2020</accID>
<docRef>4</docRef>
<effDate>2017-01-02</effDate>
<desc>Beginvoorraad</desc>
<amnt>228.00</amnt>
<amntTp>C</amntTp>
<invRef>20170005</invRef></trLine>
<trLine>
<nr>47</nr>
<accID>2020</accID>
<docRef>5</docRef>
<effDate>2017-01-02</effDate>
<desc>Beginvoorraad</desc>
<amnt>63.90</amnt>
<amntTp>C</amntTp>
<invRef>20170005</invRef></trLine>
<trLine>
<nr>48</nr>
<accID>2020</accID>
<docRef>6</docRef>
<effDate>2017-01-02</effDate>
<desc>Beginvoorraad</desc>
<amnt>71.40</amnt>
<amntTp>C</amntTp>
<invRef>20170005</invRef></trLine>
<trLine>
<nr>49</nr>
<accID>2020</accID>
<docRef>7</docRef>
<effDate>2017-01-02</effDate>
<desc>Beginvoorraad</desc>
<amnt>150.00</amnt>
<amntTp>C</amntTp>
<invRef>20170005</invRef></trLine>
<trLine>
<nr>50</nr>
<accID>2020</accID>
<docRef>8</docRef>
<effDate>2017-01-02</effDate>
<desc>Beginvoorraad</desc>
<amnt>154.50</amnt>
<amntTp>C</amntTp>
<invRef>20170005</invRef></trLine></transaction></journal>
<subledgers>
<subledger>
<sbType>SU</sbType>
<linesCount>28</linesCount>
<totalDebit>0.00</totalDebit>
<totalCredit>24769.86</totalCredit>
<sbLine>
<nr>1</nr>
<jrnID>I</jrnID>
<trNr>1-3</trNr>
<trLineNr>134</trLineNr>
<desc>Tuingereedschap</desc>
<amnt>644.33</amnt>
<amntTp>C</amntTp>
<custSupID>C7001</custSupID>
<invRef>20170003</invRef>
<invPurSalTp>P</invPurSalTp>
<invTp>D</invTp>
<invDt>2017-01-06</invDt>
<invDueDt>2017-02-05</invDueDt>
<mutTp>I</mutTp>
<vat>
<vatID>2</vatID>
<vatPerc>21.000</vatPerc>
<vatAmnt>111.83</vatAmnt>
<vatAmntTp>D</vatAmntTp></vat></sbLine>
<sbLine>
<nr>2</nr>
<jrnID>I</jrnID>
<trNr>2-21</trNr>
<trLineNr>209</trLineNr>
<desc>Cornel's Tuinartikelen</desc>
<amnt>413.40</amnt>
<amntTp>C</amntTp>
<custSupID>C7001</custSupID>
<invRef>20170026</invRef>
<invPurSalTp>P</invPurSalTp>
<invTp>D</invTp>
<invDt>2017-02-28</invDt>
<invDueDt>2017-03-30</invDueDt>
<mutTp>I</mutTp>
<vat>
<vatID>1</vatID>
<vatPerc>6.000</vatPerc>
<vatAmnt>23.40</vatAmnt>
<vatAmntTp>D</vatAmntTp></vat></sbLine>
<sbLine>
<nr>3</nr>
<jrnID>I</jrnID>
<trNr>1-6</trNr>
<trLineNr>137</trLineNr>
<desc>Grondhark 'Wolf'</desc>
<amnt>143.99</amnt>
<amntTp>C</amntTp>
<custSupID>C7001</custSupID>
<invRef>20170006</invRef>
<invPurSalTp>P</invPurSalTp>
<invTp>D</invTp>
<invDt>2017-01-08</invDt>
<invDueDt>2017-02-07</invDueDt>
<mutTp>I</mutTp>
<vat>
<vatID>2</vatID>
<vatPerc>21.000</vatPerc>
<vatAmnt>24.99</vatAmnt>
<vatAmntTp>D</vatAmntTp></vat></sbLine>
<sbLine>
<nr>4</nr>
<jrnID>I</jrnID>
<trNr>2-15</trNr>
<trLineNr>171</trLineNr>
<desc>Flyer juni 2017</desc>
<amnt>247.34</amnt>
<amntTp>C</amntTp>
<custSupID>C7002</custSupID>
<invRef>20170022</invRef>
<invPurSalTp>P</invPurSalTp>
<invTp>D</invTp>
<invDt>2017-02-07</invDt>
<invDueDt>2017-02-21</invDueDt>
<mutTp>I</mutTp>
<vat>
<vatID>1</vatID>
<vatPerc>6.000</vatPerc>
<vatAmnt>14.00</vatAmnt>
<vatAmntTp>D</vatAmntTp></vat></sbLine>
<sbLine>
<nr>5</nr>
<jrnID>I</jrnID>
<trNr>1-4</trNr>
<trLineNr>20</trLineNr>
<desc>Flyer voorjaar 2017</desc>
<amnt>453.97</amnt>
<amntTp>C</amntTp>
<custSupID>C7002</custSupID>
<invRef>20170004</invRef>
<invPurSalTp>P</invPurSalTp>
<invTp>D</invTp>
<invDt>2017-01-07</invDt>
<invDueDt>2017-01-21</invDueDt>
<mutTp>I</mutTp>
<vat>
<vatID>2</vatID>
<vatPerc>21.000</vatPerc>
<vatAmnt>78.79</vatAmnt>
<vatAmntTp>D</vatAmntTp></vat></sbLine>
<sbLine>
<nr>6</nr>
<jrnID>I</jrnID>
<trNr>2-22</trNr>
<trLineNr>201</trLineNr>
<desc>Fact 140224-001</desc>
<amnt>3180.00</amnt>
<amntTp>C</amntTp>
<custSupID>C7003</custSupID>
<invRef>20170023</invRef>
<invPurSalTp>P</invPurSalTp>
<invTp>D</invTp>
<invDt>2017-02-24</invDt>
<invDueDt>2017-03-26</invDueDt>
<mutTp>I</mutTp>
<vat>
<vatID>2</vatID>
<vatPerc>21.000</vatPerc>
<vatAmnt>667.80</vatAmnt>
<vatAmntTp>D</vatAmntTp></vat></sbLine>
<sbLine>
<nr>7</nr>
<jrnID>I</jrnID>
<trNr>2-22</trNr>
<trLineNr>197</trLineNr>
<desc>22-2398509</desc>
<amnt>5347.87</amnt>
<amntTp>C</amntTp>
<custSupID>C7004</custSupID>
<invRef>20170025</invRef>
<invPurSalTp>P</invPurSalTp>
<invTp>D</invTp>
<invDt>2017-02-25</invDt>
<invDueDt>2017-03-11</invDueDt>
<mutTp>I</mutTp>
<vat>
<vatID>2</vatID>
<vatPerc>21.000</vatPerc>
<vatAmnt>961.33</vatAmnt>
<vatAmntTp>D</vatAmntTp></vat>
<currency>
<curCode>GBP</curCode>
<curAmnt>4577.78</curAmnt></currency></sbLine>
<sbLine>
<nr>8</nr>
<jrnID>I</jrnID>
<trNr>1-13</trNr>
<trLineNr>205</trLineNr>
<desc>Merit Garden Products Ltd</desc>
<amnt>140.19</amnt>
<amntTp>C</amntTp>
<custSupID>C7004</custSupID>
<invRef>20170016</invRef>
<invPurSalTp>P</invPurSalTp>
<invTp>D</invTp>
<invDt>2017-01-27</invDt>
<invDueDt>2017-02-10</invDueDt>
<mutTp>I</mutTp>
<vat>
<vatID>1</vatID>
<vatPerc>6.000</vatPerc>
<vatAmnt>7.20</vatAmnt>
<vatAmntTp>D</vatAmntTp></vat>
<currency>
<curCode>GBP</curCode>
<curAmnt>120.00</curAmnt></currency></sbLine>
<sbLine>
<nr>9</nr>
<jrnID>I</jrnID>
<trNr>1-17</trNr>
<trLineNr>100</trLineNr>
<desc>Factuur 445455</desc>
<amnt>50.00</amnt>
<amntTp>C</amntTp>
<custSupID>C7005</custSupID>
<invRef>20170021</invRef>
<invPurSalTp>P</invPurSalTp>
<invTp>D</invTp>
<invDt>2017-01-18</invDt>
<invDueDt>2017-02-17</invDueDt>
<mutTp>I</mutTp>
<vat>
<vatID>2</vatID>
<vatPerc>21.000</vatPerc>
<vatAmnt>8.68</vatAmnt>
<vatAmntTp>D</vatAmntTp></vat></sbLine>
<sbLine>
<nr>10</nr>
<jrnID>I</jrnID>
<trNr>1-2</trNr>
<trLineNr>131</trLineNr>
<desc>Cadeau-actie</desc>
<amnt>176.66</amnt>
<amntTp>C</amntTp>
<custSupID>C7005</custSupID>
<invRef>20170002</invRef>
<invPurSalTp>P</invPurSalTp>
<invTp>D</invTp>
<invDt>2017-01-06</invDt>
<invDueDt>2017-02-05</invDueDt>
<mutTp>I</mutTp>
<vat>
<vatID>2</vatID>
<vatPerc>21.000</vatPerc>
<vatAmnt>30.66</vatAmnt>
<vatAmntTp>D</vatAmntTp></vat></sbLine>
<sbLine>
<nr>11</nr>
<jrnID>I</jrnID>
<trNr>2-16</trNr>
<trLineNr>168</trLineNr>
<desc>Factuurnummer 445453</desc>
<amnt>3598.00</amnt>
<amntTp>C</amntTp>
<custSupID>C7005</custSupID>
<invRef>20170020</invRef>
<invPurSalTp>P</invPurSalTp>
<invTp>D</invTp>
<invDt>2017-02-10</invDt>
<invDueDt>2017-03-12</invDueDt>
<mutTp>I</mutTp>
<vat>
<vatID>2</vatID>
<vatPerc>21.000</vatPerc>
<vatAmnt>624.45</vatAmnt>
<vatAmntTp>D</vatAmntTp></vat></sbLine>
<sbLine>
<nr>12</nr>
<jrnID>IO</jrnID>
<trNr>1-1</trNr>
<trLineNr>1</trLineNr>
<desc>Uw factuur 2017-22-01-st3</desc>
<amnt>539.06</amnt>
<amntTp>C</amntTp>
<custSupID>C7005</custSupID>
<invRef>02017001</invRef>
<invPurSalTp>P</invPurSalTp>
<invTp>D</invTp>
<invDt>2017-01-25</invDt>
<invDueDt>2017-02-24</invDueDt>
<mutTp>I</mutTp>
<vat>
<vatID>2</vatID>
<vatPerc>21.000</vatPerc>
<vatAmnt>93.56</vatAmnt>
<vatAmntTp>D</vatAmntTp></vat></sbLine>
<sbLine>
<nr>13</nr>
<jrnID>I</jrnID>
<trNr>2-11</trNr>
<trLineNr>151</trLineNr>
<desc>L. de Lange Aardewerk</desc>
<amnt>266.20</amnt>
<amntTp>C</amntTp>
<custSupID>C7005</custSupID>
<invRef>20170013</invRef>
<invPurSalTp>P</invPurSalTp>
<invTp>D</invTp>
<invDt>2017-02-05</invDt>
<invDueDt>2017-03-07</invDueDt>
<mutTp>I</mutTp>
<vat>
<vatID>2</vatID>
<vatPerc>21.000</vatPerc>
<vatAmnt>46.20</vatAmnt>
<vatAmntTp>D</vatAmntTp></vat></sbLine>
<sbLine>
<nr>14</nr>
<jrnID>I</jrnID>
<trNr>1-8</trNr>
<trLineNr>106</trLineNr>
<desc>Maandnota energie</desc>
<amnt>234.86</amnt>
<amntTp>C</amntTp>
<custSupID>C7006</custSupID>
<invRef>20170008</invRef>
<invPurSalTp>P</invPurSalTp>
<invTp>D</invTp>
<invDt>2017-01-10</invDt>
<invDueDt>2017-01-24</invDueDt>
<mutTp>I</mutTp>
<vat>
<vatID>2</vatID>
<vatPerc>21.000</vatPerc>
<vatAmnt>40.76</vatAmnt>
<vatAmntTp>D</vatAmntTp></vat></sbLine>
<sbLine>
<nr>15</nr>
<jrnID>I</jrnID>
<trNr>1-11</trNr>
<trLineNr>106</trLineNr>
<desc/>
<amnt>79.62</amnt>
<amntTp>C</amntTp>
<custSupID>C7008</custSupID>
<invRef>20170015</invRef>
<invPurSalTp>P</invPurSalTp>
<invTp>D</invTp>
<invDt>2017-02-17</invDt>
<invDueDt>2017-03-03</invDueDt>
<mutTp>I</mutTp>
<vat>
<vatID>2</vatID>
<vatPerc>21.000</vatPerc>
<vatAmnt>13.82</vatAmnt>
<vatAmntTp>D</vatAmntTp></vat></sbLine>
<sbLine>
<nr>16</nr>
<jrnID>I</jrnID>
<trNr>1-9</trNr>
<trLineNr>124</trLineNr>
<desc>Firma Muller's Kantoorbenodigd</desc>
<amnt>473.11</amnt>
<amntTp>C</amntTp>
<custSupID>C7008</custSupID>
<invRef>20170009</invRef>
<invPurSalTp>P</invPurSalTp>
<invTp>D</invTp>
<invDt>2017-01-12</invDt>
<invDueDt>2017-01-26</invDueDt>
<mutTp>I</mutTp>
<vat>
<vatID>2</vatID>
<vatPerc>21.000</vatPerc>
<vatAmnt>82.11</vatAmnt>
<vatAmntTp>D</vatAmntTp></vat></sbLine>
<sbLine>
<nr>17</nr>
<jrnID>I</jrnID>
<trNr>2-22</trNr>
<trLineNr>194</trLineNr>
<desc>Fact 006538</desc>
<amnt>816.75</amnt>
<amntTp>C</amntTp>
<custSupID>C7009</custSupID>
<invRef>20170024</invRef>
<invPurSalTp>P</invPurSalTp>
<invTp>D</invTp>
<invDt>2017-02-24</invDt>
<invDueDt>2017-03-10</invDueDt>
<mutTp>I</mutTp>
<vat>
<vatID>2</vatID>
<vatPerc>21.000</vatPerc>
<vatAmnt>141.75</vatAmnt>
<vatAmntTp>D</vatAmntTp></vat></sbLine>
<sbLine>
<nr>18</nr>
<jrnID>I</jrnID>
<trNr>1-14</trNr>
<trLineNr>161</trLineNr>
<desc>McDonall Douglas Co.</desc>
<amnt>732.60</amnt>
<amntTp>C</amntTp>
<custSupID>C7010</custSupID>
<invRef>20170017</invRef>
<invPurSalTp>P</invPurSalTp>
<invTp>D</invTp>
<invDt>2017-01-11</invDt>
<invDueDt>2017-02-10</invDueDt>
<mutTp>I</mutTp>
<currency>
<curCode>USD</curCode>
<curAmnt>1000.00</curAmnt></currency></sbLine>
<sbLine>
<nr>19</nr>
<jrnID>I</jrnID>
<trNr>2-14</trNr>
<trLineNr>163</trLineNr>
<desc>McDonall Douglas Co.</desc>
<amnt>366.30</amnt>
<amntTp>C</amntTp>
<custSupID>C7010</custSupID>
<invRef>20170018</invRef>
<invPurSalTp>P</invPurSalTp>
<invTp>D</invTp>
<invDt>2017-02-06</invDt>
<invDueDt>2017-03-08</invDueDt>
<mutTp>I</mutTp>
<currency>
<curCode>USD</curCode>
<curAmnt>500.00</curAmnt></currency></sbLine>
<sbLine>
<nr>20</nr>
<jrnID>I</jrnID>
<trNr>1-14</trNr>
<trLineNr>165</trLineNr>
<desc>Janssens &amp; Zn B.V. Plantenkwek</desc>
<amnt>1770.20</amnt>
<amntTp>C</amntTp>
<custSupID>C7011</custSupID>
<invRef>20170019</invRef>
<invPurSalTp>P</invPurSalTp>
<invTp>D</invTp>
<invDt>2017-01-25</invDt>
<invDueDt>2017-02-24</invDueDt>
<mutTp>I</mutTp>
<vat>
<vatID>1</vatID>
<vatPerc>6.000</vatPerc>
<vatAmnt>100.20</vatAmnt>
<vatAmntTp>D</vatAmntTp></vat></sbLine>
<sbLine>
<nr>21</nr>
<jrnID>I</jrnID>
<trNr>1-5</trNr>
<trLineNr>23</trLineNr>
<desc>Ass.kantoor ""OP GOED GELUK""</desc>
<amnt>157.12</amnt>
<amntTp>C</amntTp>
<custSupID>C7013</custSupID>
<invRef>20170005</invRef>
<invPurSalTp>P</invPurSalTp>
<invTp>D</invTp>
<invDt>2017-01-07</invDt>
<invDueDt>2017-02-06</invDueDt>
<mutTp>I</mutTp></sbLine>
<sbLine>
<nr>22</nr>
<jrnID>I</jrnID>
<trNr>1-1</trNr>
<trLineNr>1</trLineNr>
<desc>Ass.kantoor ""OP GOED GELUK""</desc>
<amnt>132.77</amnt>
<amntTp>C</amntTp>
<custSupID>C7013</custSupID>
<invRef>20170001</invRef>
<invPurSalTp>P</invPurSalTp>
<invTp>D</invTp>
<invDt>2017-01-04</invDt>
<invDueDt>2017-02-03</invDueDt>
<mutTp>I</mutTp></sbLine>
<sbLine>
<nr>23</nr>
<jrnID>I</jrnID>
<trNr>1-7</trNr>
<trLineNr>25</trLineNr>
<desc>Ass.kantoor ""OP GOED GELUK""</desc>
<amnt>121.00</amnt>
<amntTp>C</amntTp>
<custSupID>C7013</custSupID>
<invRef>20170007</invRef>
<invPurSalTp>P</invPurSalTp>
<invTp>D</invTp>
<invDt>2017-01-09</invDt>
<invDueDt>2017-02-08</invDueDt>
<mutTp>I</mutTp>
<vat>
<vatID>2</vatID>
<vatPerc>21.000</vatPerc>
<vatAmnt>21.00</vatAmnt>
<vatAmntTp>D</vatAmntTp></vat></sbLine>
<sbLine>
<nr>24</nr>
<jrnID>I</jrnID>
<trNr>1-10</trNr>
<trLineNr>143</trLineNr>
<desc>De Terrafirm B.V.</desc>
<amnt>383.57</amnt>
<amntTp>C</amntTp>
<custSupID>C7014</custSupID>
<invRef>20170011</invRef>
<invPurSalTp>P</invPurSalTp>
<invTp>D</invTp>
<invDt>2017-01-20</invDt>
<invDueDt>2017-02-03</invDueDt>
<mutTp>I</mutTp>
<vat>
<vatID>2</vatID>
<vatPerc>21.000</vatPerc>
<vatAmnt>66.57</vatAmnt>
<vatAmntTp>D</vatAmntTp></vat></sbLine>
<sbLine>
<nr>25</nr>
<jrnID>I</jrnID>
<trNr>2-11</trNr>
<trLineNr>154</trLineNr>
<desc>De Terrafirm B.V.</desc>
<amnt>181.50</amnt>
<amntTp>C</amntTp>
<custSupID>C7014</custSupID>
<invRef>20170014</invRef>
<invPurSalTp>P</invPurSalTp>
<invTp>D</invTp>
<invDt>2017-02-17</invDt>
<invDueDt>2017-03-03</invDueDt>
<mutTp>I</mutTp>
<vat>
<vatID>2</vatID>
<vatPerc>21.000</vatPerc>
<vatAmnt>31.50</vatAmnt>
<vatAmntTp>D</vatAmntTp></vat></sbLine>
<sbLine>
<nr>26</nr>
<jrnID>I</jrnID>
<trNr>2-12</trNr>
<trLineNr>147</trLineNr>
<desc>De Terrafirm B.V.</desc>
<amnt>488.84</amnt>
<amntTp>C</amntTp>
<custSupID>C7014</custSupID>
<invRef>20170012</invRef>
<invPurSalTp>P</invPurSalTp>
<invTp>D</invTp>
<invDt>2017-02-16</invDt>
<invDueDt>2017-03-02</invDueDt>
<mutTp>I</mutTp>
<vat>
<vatID>2</vatID>
<vatPerc>21.000</vatPerc>
<vatAmnt>84.84</vatAmnt>
<vatAmntTp>D</vatAmntTp></vat></sbLine>
<sbLine>
<nr>27</nr>
<jrnID>I</jrnID>
<trNr>1-9</trNr>
<trLineNr>140</trLineNr>
<desc>De Terrafirm B.V.</desc>
<amnt>127.66</amnt>
<amntTp>C</amntTp>
<custSupID>C7014</custSupID>
<invRef>20170010</invRef>
<invPurSalTp>P</invPurSalTp>
<invTp>D</invTp>
<invDt>2017-01-18</invDt>
<invDueDt>2017-02-01</invDueDt>
<mutTp>I</mutTp>
<vat>
<vatID>2</vatID>
<vatPerc>21.000</vatPerc>
<vatAmnt>22.16</vatAmnt>
<vatAmntTp>D</vatAmntTp></vat></sbLine>
<sbLine>
<nr>28</nr>
<jrnID>I</jrnID>
<trNr>2-24</trNr>
<trLineNr>215</trLineNr>
<desc>Factuur project 2012-103</desc>
<amnt>3502.95</amnt>
<amntTp>C</amntTp>
<custSupID>C7015</custSupID>
<invRef>20170027</invRef>
<invPurSalTp>P</invPurSalTp>
<invTp>D</invTp>
<invDt>2017-02-01</invDt>
<invDueDt>2017-03-03</invDueDt>
<mutTp>I</mutTp>
<vat>
<vatID>2</vatID>
<vatPerc>21.000</vatPerc>
<vatAmnt>607.95</vatAmnt>
<vatAmntTp>D</vatAmntTp></vat></sbLine></subledger>
<subledger>
<sbType>CU</sbType>
<linesCount>38</linesCount>
<totalDebit>50742.35</totalDebit>
<totalCredit>5372.01</totalCredit>
<sbLine>
<nr>29</nr>
<jrnID>V</jrnID>
<trNr>2-19</trNr>
<trLineNr>159</trLineNr>
<desc>Van Bekkerem B.V.</desc>
<amnt>1355.20</amnt>
<amntTp>D</amntTp>
<custSupID>D1001</custSupID>
<invRef>20170028</invRef>
<invPurSalTp>S</invPurSalTp>
<invTp>D</invTp>
<invDt>2017-02-02</invDt>
<invDueDt>2017-02-16</invDueDt>
<mutTp>I</mutTp>
<vat>
<vatID>2</vatID>
<vatPerc>21.000</vatPerc>
<vatAmnt>235.20</vatAmnt>
<vatAmntTp>C</vatAmntTp></vat></sbLine>
<sbLine>
<nr>30</nr>
<jrnID>V</jrnID>
<trNr>1-1</trNr>
<trLineNr>181</trLineNr>
<desc>uw telefonische order</desc>
<amnt>4781.32</amnt>
<amntTp>D</amntTp>
<custSupID>D1001</custSupID>
<invRef>20170001</invRef>
<invPurSalTp>S</invPurSalTp>
<invTp>D</invTp>
<invDt>2017-01-10</invDt>
<invDueDt>2017-01-24</invDueDt>
<mutTp>I</mutTp>
<vat>
<vatID>2</vatID>
<vatPerc>21.000</vatPerc>
<vatAmnt>829.82</vatAmnt>
<vatAmntTp>C</vatAmntTp></vat></sbLine>
<sbLine>
<nr>31</nr>
<jrnID>V</jrnID>
<trNr>1-3</trNr>
<trLineNr>186</trLineNr>
<desc>Uw telefonische order</desc>
<amnt>2916.10</amnt>
<amntTp>D</amntTp>
<custSupID>D1001</custSupID>
<invRef>20170004</invRef>
<invPurSalTp>S</invPurSalTp>
<invTp>D</invTp>
<invDt>2017-01-13</invDt>
<invDueDt>2017-01-27</invDueDt>
<mutTp>I</mutTp>
<vat>
<vatID>2</vatID>
<vatPerc>21.000</vatPerc>
<vatAmnt>506.10</vatAmnt>
<vatAmntTp>C</vatAmntTp></vat></sbLine>
<sbLine>
<nr>32</nr>
<jrnID>V</jrnID>
<trNr>1-7</trNr>
<trLineNr>24</trLineNr>
<desc>Uw telefonische order</desc>
<amnt>4353.58</amnt>
<amntTp>D</amntTp>
<custSupID>D1001</custSupID>
<invRef>20170008</invRef>
<invPurSalTp>S</invPurSalTp>
<invTp>D</invTp>
<invDt>2017-01-21</invDt>
<invDueDt>2017-02-04</invDueDt>
<mutTp>I</mutTp>
<vat>
<vatID>2</vatID>
<vatPerc>21.000</vatPerc>
<vatAmnt>755.58</vatAmnt>
<vatAmntTp>C</vatAmntTp></vat></sbLine>
<sbLine>
<nr>33</nr>
<jrnID>V</jrnID>
<trNr>1-7</trNr>
<trLineNr>93</trLineNr>
<desc>Van Bekkerem B.V. Bloemisterij</desc>
<amnt>2057.00</amnt>
<amntTp>D</amntTp>
<custSupID>D1001</custSupID>
<invRef>20170007</invRef>
<invPurSalTp>S</invPurSalTp>
<invTp>D</invTp>
<invDt>2017-01-20</invDt>
<invDueDt>2017-02-03</invDueDt>
<mutTp>I</mutTp>
<vat>
<vatID>2</vatID>
<vatPerc>21.000</vatPerc>
<vatAmnt>357.00</vatAmnt>
<vatAmntTp>C</vatAmntTp></vat></sbLine>
<sbLine>
<nr>34</nr>
<jrnID>V</jrnID>
<trNr>1-17</trNr>
<trLineNr>143</trLineNr>
<desc>Van Bekkerem B.V.</desc>
<amnt>268.33</amnt>
<amntTp>D</amntTp>
<custSupID>D1001</custSupID>
<invRef>20170015</invRef>
<invPurSalTp>S</invPurSalTp>
<invTp>D</invTp>
<invDt>2017-01-29</invDt>
<invDueDt>2017-02-12</invDueDt>
<mutTp>I</mutTp>
<vat>
<vatID>2</vatID>
<vatPerc>21.000</vatPerc>
<vatAmnt>46.57</vatAmnt>
<vatAmntTp>C</vatAmntTp></vat></sbLine>
<sbLine>
<nr>35</nr>
<jrnID>V</jrnID>
<trNr>1-2</trNr>
<trLineNr>5</trLineNr>
<desc>Fa. Brokma Blokhutten v/h Gebr</desc>
<amnt>2408.63</amnt>
<amntTp>D</amntTp>
<custSupID>D1002</custSupID>
<invRef>20170002</invRef>
<invPurSalTp>S</invPurSalTp>
<invTp>D</invTp>
<invDt>2017-01-12</invDt>
<invDueDt>2017-02-11</invDueDt>
<mutTp>I</mutTp>
<vat>
<vatID>2</vatID>
<vatPerc>21.000</vatPerc>
<vatAmnt>418.03</vatAmnt>
<vatAmntTp>C</vatAmntTp></vat></sbLine>
<sbLine>
<nr>36</nr>
<jrnID>V</jrnID>
<trNr>1-4</trNr>
<trLineNr>14</trLineNr>
<desc>Telefonisch overeengekomen</desc>
<amnt>191.18</amnt>
<amntTp>D</amntTp>
<custSupID>D1002</custSupID>
<invRef>20170005</invRef>
<invPurSalTp>S</invPurSalTp>
<invTp>D</invTp>
<invDt>2017-01-18</invDt>
<invDueDt>2017-02-17</invDueDt>
<mutTp>I</mutTp>
<vat>
<vatID>2</vatID>
<vatPerc>21.000</vatPerc>
<vatAmnt>33.18</vatAmnt>
<vatAmntTp>C</vatAmntTp></vat></sbLine>
<sbLine>
<nr>37</nr>
<jrnID>V</jrnID>
<trNr>1-15</trNr>
<trLineNr>117</trLineNr>
<desc>Offerte 20141215-1</desc>
<amnt>60.50</amnt>
<amntTp>D</amntTp>
<custSupID>D1002</custSupID>
<invRef>20170022</invRef>
<invPurSalTp>S</invPurSalTp>
<invTp>D</invTp>
<invDt>2017-01-31</invDt>
<invDueDt>2017-03-02</invDueDt>
<mutTp>I</mutTp>
<vat>
<vatID>2</vatID>
<vatPerc>21.000</vatPerc>
<vatAmnt>10.50</vatAmnt>
<vatAmntTp>C</vatAmntTp></vat></sbLine>
<sbLine>
<nr>38</nr>
<jrnID>V</jrnID>
<trNr>2-14</trNr>
<trLineNr>111</trLineNr>
<desc>Fa. Brokma Blokhutten v/h Gebr</desc>
<amnt>3630.00</amnt>
<amntTp>D</amntTp>
<custSupID>D1002</custSupID>
<invRef>20170020</invRef>
<invPurSalTp>S</invPurSalTp>
<invTp>D</invTp>
<invDt>2017-02-20</invDt>
<invDueDt>2017-03-22</invDueDt>
<mutTp>I</mutTp>
<vat>
<vatID>2</vatID>
<vatPerc>21.000</vatPerc>
<vatAmnt>630.00</vatAmnt>
<vatAmntTp>C</vatAmntTp></vat></sbLine>
<sbLine>
<nr>39</nr>
<jrnID>V</jrnID>
<trNr>2-18</trNr>
<trLineNr>146</trLineNr>
<desc>Incasso Kwartaal OH Tuin</desc>
<amnt>76.20</amnt>
<amntTp>D</amntTp>
<custSupID>D1003</custSupID>
<invRef>20170025</invRef>
<invPurSalTp>S</invPurSalTp>
<invTp>D</invTp>
<invDt>2017-02-01</invDt>
<invDueDt>2017-02-06</invDueDt>
<mutTp>I</mutTp>
<vat>
<vatID>2</vatID>
<vatPerc>21.000</vatPerc>
<vatAmnt>13.22</vatAmnt>
<vatAmntTp>C</vatAmntTp></vat></sbLine>
<sbLine>
<nr>40</nr>
<jrnID>V</jrnID>
<trNr>2-21</trNr>
<trLineNr>169</trLineNr>
<desc>Van Haaften International B.V.</desc>
<amnt>125.84</amnt>
<amntTp>D</amntTp>
<custSupID>D1003</custSupID>
<invRef>20170029</invRef>
<invPurSalTp>S</invPurSalTp>
<invTp>D</invTp>
<invDt>2017-02-28</invDt>
<invDueDt>2017-03-05</invDueDt>
<mutTp>I</mutTp>
<vat>
<vatID>2</vatID>
<vatPerc>21.000</vatPerc>
<vatAmnt>21.84</vatAmnt>
<vatAmntTp>C</vatAmntTp></vat></sbLine>
<sbLine>
<nr>41</nr>
<jrnID>V</jrnID>
<trNr>2-22</trNr>
<trLineNr>178</trLineNr>
<desc>Incasso Kwartaal OH Tuin</desc>
<amnt>97.07</amnt>
<amntTp>D</amntTp>
<custSupID>D1003</custSupID>
<invRef>20170031</invRef>
<invPurSalTp>S</invPurSalTp>
<invTp>D</invTp>
<invDt>2017-02-15</invDt>
<invDueDt>2017-02-20</invDueDt>
<mutTp>I</mutTp>
<vat>
<vatID>2</vatID>
<vatPerc>21.000</vatPerc>
<vatAmnt>16.85</vatAmnt>
<vatAmntTp>C</vatAmntTp></vat></sbLine>
<sbLine>
<nr>42</nr>
<jrnID>V</jrnID>
<trNr>2-5</trNr>
<trLineNr>167</trLineNr>
<desc>Garden Impressions Beverly</desc>
<amnt>1223.00</amnt>
<amntTp>D</amntTp>
<custSupID>D1004</custSupID>
<invRef>20170013</invRef>
<invPurSalTp>S</invPurSalTp>
<invTp>D</invTp>
<invDt>2017-02-04</invDt>
<invDueDt>2017-02-09</invDueDt>
<mutTp>I</mutTp></sbLine>
<sbLine>
<nr>43</nr>
<jrnID>V</jrnID>
<trNr>2-21</trNr>
<trLineNr>174</trLineNr>
<desc>Garden Impressions Beverly</desc>
<amnt>2973.56</amnt>
<amntTp>D</amntTp>
<custSupID>D1004</custSupID>
<invRef>20170030</invRef>
<invPurSalTp>S</invPurSalTp>
<invTp>D</invTp>
<invDt>2017-02-28</invDt>
<invDueDt>2017-03-05</invDueDt>
<mutTp>I</mutTp></sbLine>
<sbLine>
<nr>44</nr>
<jrnID>V</jrnID>
<trNr>1-5</trNr>
<trLineNr>27</trLineNr>
<desc>Tuinwereld Van Schaik B.V.</desc>
<amnt>108.54</amnt>
<amntTp>D</amntTp>
<custSupID>D1006</custSupID>
<invRef>20170009</invRef>
<invPurSalTp>S</invPurSalTp>
<invTp>D</invTp>
<invDt>2017-01-23</invDt>
<invDueDt>2017-02-06</invDueDt>
<mutTp>I</mutTp>
<vat>
<vatID>2</vatID>
<vatPerc>21.000</vatPerc>
<vatAmnt>18.84</vatAmnt>
<vatAmntTp>C</vatAmntTp></vat></sbLine>
<sbLine>
<nr>45</nr>
<jrnID>V</jrnID>
<trNr>1-3</trNr>
<trLineNr>45</trLineNr>
<desc>Tuinwereld Van Schaik B.V.</desc>
<amnt>524.73</amnt>
<amntTp>D</amntTp>
<custSupID>D1006</custSupID>
<invRef>20170003</invRef>
<invPurSalTp>S</invPurSalTp>
<invTp>D</invTp>
<invDt>2017-01-13</invDt>
<invDueDt>2017-01-27</invDueDt>
<mutTp>I</mutTp>
<vat>
<vatID>2</vatID>
<vatPerc>21.000</vatPerc>
<vatAmnt>91.07</vatAmnt>
<vatAmntTp>C</vatAmntTp></vat></sbLine>
<sbLine>
<nr>46</nr>
<jrnID>V</jrnID>
<trNr>2-18</trNr>
<trLineNr>149</trLineNr>
<desc>Installatieondhoud jaarlijks</desc>
<amnt>287.88</amnt>
<amntTp>D</amntTp>
<custSupID>D1006</custSupID>
<invRef>20170026</invRef>
<invPurSalTp>S</invPurSalTp>
<invTp>D</invTp>
<invDt>2017-02-01</invDt>
<invDueDt>2017-02-15</invDueDt>
<mutTp>I</mutTp>
<vat>
<vatID>2</vatID>
<vatPerc>21.000</vatPerc>
<vatAmnt>49.96</vatAmnt>
<vatAmntTp>C</vatAmntTp></vat></sbLine>
<sbLine>
<nr>47</nr>
<jrnID>V</jrnID>
<trNr>1-15</trNr>
<trLineNr>122</trLineNr>
<desc>Tuinwereld Van Schaik B.V.</desc>
<amnt>1881.07</amnt>
<amntTp>D</amntTp>
<custSupID>D1006</custSupID>
<invRef>20170023</invRef>
<invPurSalTp>S</invPurSalTp>
<invTp>D</invTp>
<invDt>2017-01-31</invDt>
<invDueDt>2017-02-14</invDueDt>
<mutTp>I</mutTp>
<vat>
<vatID>2</vatID>
<vatPerc>21.000</vatPerc>
<vatAmnt>326.47</vatAmnt>
<vatAmntTp>C</vatAmntTp></vat></sbLine>
<sbLine>
<nr>48</nr>
<jrnID>V</jrnID>
<trNr>2-8</trNr>
<trLineNr>77</trLineNr>
<desc>Tuinwereld Van Schaik B.V.</desc>
<amnt>108.17</amnt>
<amntTp>D</amntTp>
<custSupID>D1006</custSupID>
<invRef>20170017</invRef>
<invPurSalTp>S</invPurSalTp>
<invTp>D</invTp>
<invDt>2017-02-11</invDt>
<invDueDt>2017-02-25</invDueDt>
<mutTp>I</mutTp>
<vat>
<vatID>2</vatID>
<vatPerc>21.000</vatPerc>
<vatAmnt>18.77</vatAmnt>
<vatAmntTp>C</vatAmntTp></vat></sbLine>
<sbLine>
<nr>49</nr>
<jrnID>V</jrnID>
<trNr>2-5</trNr>
<trLineNr>30</trLineNr>
<desc>Volgens offerte 18-01-14</desc>
<amnt>404.14</amnt>
<amntTp>D</amntTp>
<custSupID>D1007</custSupID>
<invRef>20170010</invRef>
<invPurSalTp>S</invPurSalTp>
<invTp>D</invTp>
<invDt>2017-02-01</invDt>
<invDueDt>2017-03-03</invDueDt>
<mutTp>I</mutTp>
<vat>
<vatID>2</vatID>
<vatPerc>21.000</vatPerc>
<vatAmnt>70.14</vatAmnt>
<vatAmntTp>C</vatAmntTp></vat></sbLine>
<sbLine>
<nr>50</nr>
<jrnID>V</jrnID>
<trNr>2-18</trNr>
<trLineNr>152</trLineNr>
<desc>Halfjaar OH tuin</desc>
<amnt>181.70</amnt>
<amntTp>D</amntTp>
<custSupID>D1007</custSupID>
<invRef>20170027</invRef>
<invPurSalTp>S</invPurSalTp>
<invTp>D</invTp>
<invDt>2017-02-01</invDt>
<invDueDt>2017-03-03</invDueDt>
<mutTp>I</mutTp>
<vat>
<vatID>2</vatID>
<vatPerc>21.000</vatPerc>
<vatAmnt>31.53</vatAmnt>
<vatAmntTp>C</vatAmntTp></vat></sbLine>
<sbLine>
<nr>51</nr>
<jrnID>V</jrnID>
<trNr>1-4</trNr>
<trLineNr>17</trLineNr>
<desc>Uw aanvraag d.d. 16-01-2017</desc>
<amnt>1028.50</amnt>
<amntTp>D</amntTp>
<custSupID>D1007</custSupID>
<invRef>20170006</invRef>
<invPurSalTp>S</invPurSalTp>
<invTp>D</invTp>
<invDt>2017-01-18</invDt>
<invDueDt>2017-02-17</invDueDt>
<mutTp>I</mutTp>
<vat>
<vatID>2</vatID>
<vatPerc>21.000</vatPerc>
<vatAmnt>178.50</vatAmnt>
<vatAmntTp>C</vatAmntTp></vat></sbLine>
<sbLine>
<nr>52</nr>
<jrnID>V</jrnID>
<trNr>2-9</trNr>
<trLineNr>43</trLineNr>
<desc>MELBICKS GARDEN &amp; LEISURE</desc>
<amnt>6402.37</amnt>
<amntTp>D</amntTp>
<custSupID>D1009</custSupID>
<invRef>20170016</invRef>
<invPurSalTp>S</invPurSalTp>
<invTp>D</invTp>
<invDt>2017-02-05</invDt>
<invDueDt>2017-03-07</invDueDt>
<mutTp>I</mutTp>
<currency>
<curCode>GBP</curCode>
<curAmnt>5410.00</curAmnt></currency></sbLine>
<sbLine>
<nr>53</nr>
<jrnID>V</jrnID>
<trNr>2-10</trNr>
<trLineNr>157</trLineNr>
<desc>MELBICKS Garden &amp; Leisure</desc>
<amnt>272.19</amnt>
<amntTp>D</amntTp>
<custSupID>D1009</custSupID>
<invRef>20170014</invRef>
<invPurSalTp>S</invPurSalTp>
<invTp>D</invTp>
<invDt>2017-02-03</invDt>
<invDueDt>2017-03-05</invDueDt>
<mutTp>I</mutTp>
<currency>
<curCode>GBP</curCode>
<curAmnt>230.00</curAmnt></currency></sbLine>
<sbLine>
<nr>54</nr>
<jrnID>V</jrnID>
<trNr>2-5</trNr>
<trLineNr>71</trLineNr>
<desc>Van Onna Groenvoorziening B.V.</desc>
<amnt>998.70</amnt>
<amntTp>D</amntTp>
<custSupID>D1010</custSupID>
<invRef>20170011</invRef>
<invPurSalTp>S</invPurSalTp>
<invTp>D</invTp>
<invDt>2017-02-01</invDt>
<invDueDt>2017-02-15</invDueDt>
<mutTp>I</mutTp>
<vat>
<vatID>1</vatID>
<vatPerc>6.000</vatPerc>
<vatAmnt>56.53</vatAmnt>
<vatAmntTp>C</vatAmntTp></vat></sbLine>
<sbLine>
<nr>55</nr>
<jrnID>V</jrnID>
<trNr>2-12</trNr>
<trLineNr>100</trLineNr>
<desc>Tuincentrum 'Amsterdam'</desc>
<amnt>2207.04</amnt>
<amntTp>D</amntTp>
<custSupID>D1011</custSupID>
<invRef>20170019</invRef>
<invPurSalTp>S</invPurSalTp>
<invTp>D</invTp>
<invDt>2017-02-17</invDt>
<invDueDt>2017-03-03</invDueDt>
<mutTp>I</mutTp>
<vat>
<vatID>2</vatID>
<vatPerc>21.000</vatPerc>
<vatAmnt>383.04</vatAmnt>
<vatAmntTp>C</vatAmntTp></vat></sbLine>
<sbLine>
<nr>56</nr>
<jrnID>V</jrnID>
<trNr>1-11</trNr>
<trLineNr>83</trLineNr>
<desc>Tuincentrum 'Amsterdam'</desc>
<amnt>759.48</amnt>
<amntTp>D</amntTp>
<custSupID>D1011</custSupID>
<invRef>20170018</invRef>
<invPurSalTp>S</invPurSalTp>
<invTp>D</invTp>
<invDt>2017-01-15</invDt>
<invDueDt>2017-01-29</invDueDt>
<mutTp>I</mutTp>
<vat>
<vatID>2</vatID>
<vatPerc>21.000</vatPerc>
<vatAmnt>131.81</vatAmnt>
<vatAmntTp>C</vatAmntTp></vat></sbLine>
<sbLine>
<nr>57</nr>
<jrnID>V</jrnID>
<trNr>2-20</trNr>
<trLineNr>162</trLineNr>
<desc>Inkoopcombinatie CO-OP</desc>
<amnt>5445.00</amnt>
<amntTp>D</amntTp>
<custSupID>D1013</custSupID>
<invRef>20160013</invRef>
<invPurSalTp>S</invPurSalTp>
<invTp>D</invTp>
<invDt>2017-02-09</invDt>
<invDueDt>2017-02-23</invDueDt>
<mutTp>I</mutTp>
<vat>
<vatID>2</vatID>
<vatPerc>21.000</vatPerc>
<vatAmnt>945.00</vatAmnt>
<vatAmntTp>C</vatAmntTp></vat></sbLine>
<sbLine>
<nr>58</nr>
<jrnID>V</jrnID>
<trNr>2-16</trNr>
<trLineNr>114</trLineNr>
<desc>Steenplaza F. de Vries</desc>
<amnt>652.19</amnt>
<amntTp>D</amntTp>
<custSupID>D1014</custSupID>
<invRef>20170021</invRef>
<invPurSalTp>S</invPurSalTp>
<invTp>D</invTp>
<invDt>2017-02-08</invDt>
<invDueDt>2017-03-10</invDueDt>
<mutTp>I</mutTp>
<vat>
<vatID>2</vatID>
<vatPerc>21.000</vatPerc>
<vatAmnt>113.19</vatAmnt>
<vatAmntTp>C</vatAmntTp></vat></sbLine>
<sbLine>
<nr>59</nr>
<jrnID>V</jrnID>
<trNr>2-5</trNr>
<trLineNr>155</trLineNr>
<desc>Opdrachtnr: 140126-003</desc>
<amnt>123.14</amnt>
<amntTp>D</amntTp>
<custSupID>D1015</custSupID>
<invRef>20170012</invRef>
<invPurSalTp>S</invPurSalTp>
<invTp>D</invTp>
<invDt>2017-02-04</invDt>
<invDueDt>2017-03-06</invDueDt>
<mutTp>I</mutTp></sbLine>
<sbLine>
<nr>60</nr>
<jrnID>V</jrnID>
<trNr>1-15</trNr>
<trLineNr>136</trLineNr>
<desc>Vijver- en Tuincentrum Pelckma</desc>
<amnt>2840.00</amnt>
<amntTp>D</amntTp>
<custSupID>D1015</custSupID>
<invRef>20170024</invRef>
<invPurSalTp>S</invPurSalTp>
<invTp>D</invTp>
<invDt>2017-01-31</invDt>
<invDueDt>2017-03-02</invDueDt>
<mutTp>I</mutTp></sbLine>
<sbLine>
<nr>61</nr>
<jrnID>ING</jrnID>
<trNr>2-4</trNr>
<trLineNr>11</trLineNr>
<desc>Van Bekkerem B.V.</desc>
<amnt>2000.00</amnt>
<amntTp>C</amntTp>
<custSupID>D1001</custSupID>
<invRef>20170008</invRef>
<invPurSalTp>S</invPurSalTp>
<invDt>2017-02-24</invDt>
<invDueDt>2017-02-24</invDueDt>
<mutTp>P</mutTp></sbLine>
<sbLine>
<nr>62</nr>
<jrnID>ING</jrnID>
<trNr>2-5</trNr>
<trLineNr>13</trLineNr>
<desc>Van Bekkerem B.V.</desc>
<amnt>2353.58</amnt>
<amntTp>C</amntTp>
<custSupID>D1001</custSupID>
<invRef>20170008</invRef>
<invPurSalTp>S</invPurSalTp>
<invDt>2017-02-28</invDt>
<invDueDt>2017-02-28</invDueDt>
<mutTp>P</mutTp></sbLine>
<sbLine>
<nr>63</nr>
<jrnID>ING</jrnID>
<trNr>2-3</trNr>
<trLineNr>18</trLineNr>
<desc>Van Bekkerem B.V.</desc>
<amnt>181.50</amnt>
<amntTp>C</amntTp>
<custSupID>D1001</custSupID>
<invRef>20170004</invRef>
<invPurSalTp>S</invPurSalTp>
<invDt>2017-02-24</invDt>
<invDueDt>2017-02-24</invDueDt>
<mutTp>P</mutTp></sbLine>
<sbLine>
<nr>64</nr>
<jrnID>AA</jrnID>
<trNr>2-1</trNr>
<trLineNr>4</trLineNr>
<desc>Van Haaften International B.V.</desc>
<amnt>76.20</amnt>
<amntTp>C</amntTp>
<custSupID>D1003</custSupID>
<invRef>20170025</invRef>
<invPurSalTp>S</invPurSalTp>
<invDt>2017-02-15</invDt>
<invDueDt>2017-02-15</invDueDt>
<mutTp>P</mutTp></sbLine>
<sbLine>
<nr>65</nr>
<jrnID>ING</jrnID>
<trNr>2-6</trNr>
<trLineNr>16</trLineNr>
<desc>Tuinwereld Van Schaik B.V.</desc>
<amnt>108.54</amnt>
<amntTp>C</amntTp>
<custSupID>D1006</custSupID>
<invRef>20170009</invRef>
<invPurSalTp>S</invPurSalTp>
<invDt>2017-02-23</invDt>
<invDueDt>2017-02-23</invDueDt>
<mutTp>P</mutTp></sbLine>
<sbLine>
<nr>66</nr>
<jrnID>ING</jrnID>
<trNr>2-2</trNr>
<trLineNr>7</trLineNr>
<desc>Steenplaza F. de Vries</desc>
<amnt>652.19</amnt>
<amntTp>C</amntTp>
<custSupID>D1014</custSupID>
<invRef>20170021</invRef>
<invPurSalTp>S</invPurSalTp>
<invDt>2017-02-24</invDt>
<invDueDt>2017-02-24</invDueDt>
<mutTp>P</mutTp></sbLine></subledger></subledgers></transactions></company></auditfile>
