<?xml version="1.0" encoding="utf-8"?>
<auditfile xmlns:xsd="http://www.w3.org/2001/XMLSchema" xmlns:xsi="http://www.w3.org/2001/XMLSchema-instance" xmlns="http://www.auditfiles.nl/XAF/3.1">
  <header>
    <fiscalYear>2016</fiscalYear>
    <startDate>2016-01-01</startDate>
    <endDate>2016-12-31</endDate>
    <curCode>EUR</curCode>
    <dateCreated>2017-05-05</dateCreated>
    <softwareDesc>Twinfield</softwareDesc>
    <softwareVersion>v6.68.6</softwareVersion>
  </header>
  <company>
    <companyIdent>NLA000976</companyIdent>
    <companyName>Analys.io</companyName>
    <taxRegistrationCountry>NL</taxRegistrationCountry>
    <taxRegIdent>164757740B01</taxRegIdent>
    <streetAddress>
      <streetname>Havenstraat 176</streetname>
      <number/>
      <numberExtension/>
      <city>Bussum</city>
      <postalCode>1401 EM</postalCode>
      <country>NL</country>
    </streetAddress>
    <customersSuppliers>
      <customerSupplier>
        <custSupID>2000</custSupID>
        <custSupName>Jab Gordijnstoffen</custSupName>
        <contact>C. Wakelkamp</contact>
        <commerceNr>27111379</commerceNr>
        <taxRegistrationCountry>NL</taxRegistrationCountry>
        <custSupTp>S</custSupTp>
        <streetAddress>
          <streetname>Stofstraat 12</streetname>
          <number/>
          <numberExtension/>
          <city>Bussum</city>
          <postalCode>1234 AN</postalCode>
          <country>NL</country>
        </streetAddress>
        <bankAccount>
          <bankAccNr>4653</bankAccNr>
          <bankIdCd>INGBNL2A</bankIdCd>
        </bankAccount>
      </customerSupplier>
      <customerSupplier>
        <custSupID>2001</custSupID>
        <custSupName>Kendix</custSupName>
        <contact>F. Lekkerkerker</contact>
        <taxRegistrationCountry>DE</taxRegistrationCountry>
        <custSupTp>S</custSupTp>
        <streetAddress>
          <streetname>Gordijnrail 789</streetname>
          <number/>
          <numberExtension/>
          <city>Hoevelaken</city>
          <postalCode>5678 PD</postalCode>
          <country>DE</country>
        </streetAddress>
        <bankAccount>
          <bankAccNr>4567</bankAccNr>
          <bankIdCd>INGBNL2A</bankIdCd>
        </bankAccount>
      </customerSupplier>
      <customerSupplier>
        <custSupID>2002</custSupID>
        <custSupName>Ploeg</custSupName>
        <contact>L. de Jong</contact>
        <taxRegistrationCountry>NL</taxRegistrationCountry>
        <custSupTp>S</custSupTp>
        <streetAddress>
          <streetname>Textielstraat 23</streetname>
          <number/>
          <numberExtension/>
          <city>Stampersgat</city>
          <postalCode>9123 GW</postalCode>
          <country>NL</country>
        </streetAddress>
        <bankAccount>
          <bankAccNr>23456</bankAccNr>
          <bankIdCd>INGBNL2A</bankIdCd>
        </bankAccount>
      </customerSupplier>
      <customerSupplier>
        <custSupID>2003</custSupID>
        <custSupName>Beco Adviesgroep</custSupName>
        <contact>E. Pietersen</contact>
        <commerceNr>54920671</commerceNr>
        <taxRegistrationCountry>NL</taxRegistrationCountry>
        <custSupTp>S</custSupTp>
        <streetAddress>
          <streetname>Vloerweg 56</streetname>
          <number/>
          <numberExtension/>
          <city>Utrecht</city>
          <postalCode>4567 QQ</postalCode>
          <country>NL</country>
        </streetAddress>
        <bankAccount>
          <bankAccNr>345678</bankAccNr>
          <bankIdCd>INGBNL2A</bankIdCd>
        </bankAccount>
      </customerSupplier>
      <customerSupplier>
        <custSupID>2004</custSupID>
        <custSupName>Leolux</custSupName>
        <contact>S. van Dijk</contact>
        <taxRegistrationCountry>NL</taxRegistrationCountry>
        <custSupTp>S</custSupTp>
        <streetAddress>
          <streetname>Stoelstraat 4</streetname>
          <number/>
          <numberExtension/>
          <city>Rotterdam</city>
          <postalCode>2345 FG</postalCode>
          <country>NL</country>
        </streetAddress>
        <bankAccount>
          <bankAccNr>56789</bankAccNr>
          <bankIdCd>INGBNL2A</bankIdCd>
        </bankAccount>
      </customerSupplier>
      <customerSupplier>
        <custSupID>2005</custSupID>
        <custSupName>DeSede</custSupName>
        <contact>C. Majoor</contact>
        <taxRegistrationCountry>NL</taxRegistrationCountry>
        <custSupTp>S</custSupTp>
        <streetAddress>
          <streetname>Buffelstraat 98</streetname>
          <number/>
          <numberExtension/>
          <city>Amsterdam</city>
          <postalCode>6789 IY</postalCode>
          <country>NL</country>
        </streetAddress>
        <bankAccount>
          <bankAccNr>7787661</bankAccNr>
          <bankIdCd>INGBNL2A</bankIdCd>
        </bankAccount>
      </customerSupplier>
      <customerSupplier>
        <custSupID>2006</custSupID>
        <custSupName>Rolf Benz</custSupName>
        <contact>A. van der Linden</contact>
        <taxRegistrationCountry>NL</taxRegistrationCountry>
        <custSupTp>S</custSupTp>
        <streetAddress>
          <streetname>Bankiersweg 28</streetname>
          <number/>
          <numberExtension/>
          <city>Tiel</city>
          <postalCode>1012 AS</postalCode>
          <country>NL</country>
        </streetAddress>
        <bankAccount>
          <bankAccNr>7890123</bankAccNr>
          <bankIdCd>INGBNL2A</bankIdCd>
        </bankAccount>
      </customerSupplier>
      <customerSupplier>
        <custSupID>2007</custSupID>
        <custSupName>Pastoe</custSupName>
        <contact>B. Bergsma</contact>
        <taxRegistrationCountry>NL</taxRegistrationCountry>
        <custSupTp>S</custSupTp>
        <streetAddress>
          <streetname>Houtweg 77</streetname>
          <number/>
          <numberExtension/>
          <city>Den Haag</city>
          <postalCode>9573 HL</postalCode>
          <country>NL</country>
        </streetAddress>
        <bankAccount>
          <bankAccNr>7787667</bankAccNr>
          <bankIdCd>INGBNL2A</bankIdCd>
        </bankAccount>
      </customerSupplier>
      <customerSupplier>
        <custSupID>2008</custSupID>
        <custSupName>Banzbord</custSupName>
        <contact>S. van der Lee</contact>
        <taxRegistrationCountry>NL</taxRegistrationCountry>
        <custSupTp>S</custSupTp>
        <streetAddress>
          <streetname>Eikenstraat 3</streetname>
          <number/>
          <numberExtension/>
          <city>Arnhem</city>
          <postalCode>3645 OP</postalCode>
          <country>NL</country>
        </streetAddress>
        <bankAccount>
          <bankAccNr>901234567</bankAccNr>
          <bankIdCd>SNSBNL2A</bankIdCd>
        </bankAccount>
      </customerSupplier>
      <customerSupplier>
        <custSupID>2009</custSupID>
        <custSupName>Lumina</custSupName>
        <contact>E. Hoekstra</contact>
        <taxRegistrationCountry>NL</taxRegistrationCountry>
        <custSupTp>S</custSupTp>
        <streetAddress>
          <streetname>Zonneweg 1</streetname>
          <number/>
          <numberExtension/>
          <city>Maastricht</city>
          <postalCode>9631 KA</postalCode>
          <country>NL</country>
        </streetAddress>
        <bankAccount>
          <bankAccNr>8520147</bankAccNr>
          <bankIdCd>INGBNL2A</bankIdCd>
        </bankAccount>
      </customerSupplier>
      <customerSupplier>
        <custSupID>2010</custSupID>
        <custSupName>Floors &amp; Units</custSupName>
        <contact>Y. Schlotter</contact>
        <taxRegistrationCountry>NL</taxRegistrationCountry>
        <custSupTp>S</custSupTp>
        <streetAddress>
          <streetname>Noorderlicht 52</streetname>
          <number/>
          <numberExtension/>
          <city>Gouda</city>
          <postalCode>4455 HT</postalCode>
          <country>NL</country>
        </streetAddress>
      </customerSupplier>
      <customerSupplier>
        <custSupID>2011</custSupID>
        <custSupName>Hülsta</custSupName>
        <contact>K. Meindertsma</contact>
        <taxRegistrationCountry>NL</taxRegistrationCountry>
        <custSupTp>S</custSupTp>
        <streetAddress>
          <streetname>Timmerlaan 63a</streetname>
          <number/>
          <numberExtension/>
          <city>Almere</city>
          <postalCode>5252 XF</postalCode>
          <country>NL</country>
        </streetAddress>
        <bankAccount>
          <bankAccNr>8916158</bankAccNr>
          <bankIdCd>INGBNL2A</bankIdCd>
        </bankAccount>
      </customerSupplier>
      <customerSupplier>
        <custSupID>2012</custSupID>
        <custSupName>Auping</custSupName>
        <contact>M. Olidam</contact>
        <taxRegistrationCountry>NL</taxRegistrationCountry>
        <custSupTp>S</custSupTp>
        <streetAddress>
          <streetname>Dommelstraat 45</streetname>
          <number/>
          <numberExtension/>
          <city>Alphen a/d Rijn</city>
          <postalCode>8548 ZS</postalCode>
          <country>NL</country>
        </streetAddress>
        <bankAccount>
          <bankAccNr>5645125</bankAccNr>
          <bankIdCd>INGBNL2A</bankIdCd>
        </bankAccount>
      </customerSupplier>
      <customerSupplier>
        <custSupID>2013</custSupID>
        <custSupName>Artemide</custSupName>
        <contact>R. van den Broek</contact>
        <taxRegistrationCountry>NL</taxRegistrationCountry>
        <custSupTp>S</custSupTp>
        <streetAddress>
          <streetname>Lichtpunt 9</streetname>
          <number/>
          <numberExtension/>
          <city>Tilburg</city>
          <postalCode>3569 VV</postalCode>
          <country>NL</country>
        </streetAddress>
        <bankAccount>
          <bankAccNr>891</bankAccNr>
          <bankIdCd>INGBNL2A</bankIdCd>
        </bankAccount>
      </customerSupplier>
      <customerSupplier>
        <custSupID>2014</custSupID>
        <custSupName>Blommesteijn</custSupName>
        <contact>J. Blommesteijn</contact>
        <taxRegistrationCountry>NL</taxRegistrationCountry>
        <custSupTp>S</custSupTp>
        <streetAddress>
          <streetname>Havenstraat 132</streetname>
          <number/>
          <numberExtension/>
          <city>Bussum</city>
          <postalCode>1401 EM</postalCode>
          <country>NL</country>
        </streetAddress>
        <bankAccount>
          <bankAccNr>778766</bankAccNr>
          <bankIdCd>INGBNL2A</bankIdCd>
        </bankAccount>
      </customerSupplier>
      <customerSupplier>
        <custSupID>2015</custSupID>
        <custSupName>Makelaardij Gerwich</custSupName>
        <contact>Dorinde Gerwich</contact>
        <taxRegistrationCountry>NL</taxRegistrationCountry>
        <custSupTp>S</custSupTp>
        <postalAddress>
          <streetname>Dorpsstraat 37</streetname>
          <number/>
          <numberExtension/>
          <city>Nederhorst Den Berg</city>
          <postalCode>3737 LD</postalCode>
          <country>NL</country>
        </postalAddress>
        <bankAccount>
          <bankAccNr>8978988</bankAccNr>
          <bankIdCd>INGBNL2A</bankIdCd>
        </bankAccount>
      </customerSupplier>
      <customerSupplier>
        <custSupID>2016</custSupID>
        <custSupName>KPN</custSupName>
        <taxRegistrationCountry>NL</taxRegistrationCountry>
        <custSupTp>S</custSupTp>
        <postalAddress>
          <country>NL</country>
        </postalAddress>
        <bankAccount>
          <bankAccNr>162522</bankAccNr>
        </bankAccount>
      </customerSupplier>
      <customerSupplier>
        <custSupID>2017</custSupID>
        <custSupName>Twinfield</custSupName>
        <taxRegistrationCountry>NL</taxRegistrationCountry>
        <custSupTp>S</custSupTp>
        <postalAddress>
          <country>NL</country>
        </postalAddress>
        <bankAccount>
          <bankAccNr>663503620</bankAccNr>
          <bankIdCd>INGBNL2A</bankIdCd>
        </bankAccount>
      </customerSupplier>
      <customerSupplier>
        <custSupID>2018</custSupID>
        <custSupName>Eijkelenboom</custSupName>
        <contact>Dhr. Jansen</contact>
        <taxRegistrationCountry>NL</taxRegistrationCountry>
        <custSupTp>S</custSupTp>
        <postalAddress>
          <streetname>Dorpstraat 54</streetname>
          <number/>
          <numberExtension/>
          <city>Amsterdam</city>
          <postalCode>2995HH</postalCode>
          <country>NL</country>
        </postalAddress>
        <bankAccount>
          <bankAccNr>34568</bankAccNr>
          <bankIdCd>INGBNL2A</bankIdCd>
        </bankAccount>
      </customerSupplier>
      <customerSupplier>
        <custSupID>2019</custSupID>
        <custSupName>Heuvel BV</custSupName>
        <taxRegistrationCountry>NL</taxRegistrationCountry>
        <custSupTp>S</custSupTp>
        <postalAddress>
          <country>NL</country>
        </postalAddress>
        <bankAccount>
          <bankAccNr>1296471</bankAccNr>
          <bankIdCd>INGBNL2A</bankIdCd>
        </bankAccount>
      </customerSupplier>
      <customerSupplier>
        <custSupID>2020</custSupID>
        <custSupName>Franken</custSupName>
        <taxRegistrationCountry>NL</taxRegistrationCountry>
        <custSupTp>S</custSupTp>
        <postalAddress>
          <country>NL</country>
        </postalAddress>
        <bankAccount>
          <bankAccNr>465345</bankAccNr>
          <bankIdCd>INGBNL2A</bankIdCd>
        </bankAccount>
      </customerSupplier>
      <customerSupplier>
        <custSupID>2021</custSupID>
        <custSupName>Brainwave</custSupName>
        <taxRegistrationCountry>NL</taxRegistrationCountry>
        <custSupTp>S</custSupTp>
        <postalAddress>
          <country>NL</country>
        </postalAddress>
        <bankAccount>
          <bankAccNr>370137361</bankAccNr>
        </bankAccount>
      </customerSupplier>
      <customerSupplier>
        <custSupID>2022</custSupID>
        <custSupName>Garagebedrijf Poortman</custSupName>
        <taxRegistrationCountry>NL</taxRegistrationCountry>
        <custSupTp>S</custSupTp>
        <postalAddress>
          <country>NL</country>
        </postalAddress>
        <bankAccount>
          <bankAccNr>65482</bankAccNr>
          <bankIdCd>INGBNL2A</bankIdCd>
        </bankAccount>
      </customerSupplier>
      <customerSupplier>
        <custSupID>2023</custSupID>
        <custSupName>Autototaal Car Lease</custSupName>
        <taxRegistrationCountry>NL</taxRegistrationCountry>
        <custSupTp>S</custSupTp>
        <postalAddress>
          <country>NL</country>
        </postalAddress>
        <bankAccount>
          <bankAccNr>989898</bankAccNr>
          <bankIdCd>INGBNL2A</bankIdCd>
        </bankAccount>
      </customerSupplier>
      <customerSupplier>
        <custSupID>2024</custSupID>
        <custSupName>Van den Berg B.V.</custSupName>
        <taxRegistrationCountry>NL</taxRegistrationCountry>
        <custSupTp>S</custSupTp>
        <postalAddress>
          <country>NL</country>
        </postalAddress>
        <bankAccount>
          <bankAccNr>799545</bankAccNr>
          <bankIdCd>INGBNL2A</bankIdCd>
        </bankAccount>
      </customerSupplier>
      <customerSupplier>
        <custSupID>2025</custSupID>
        <custSupName>Jansen</custSupName>
        <taxRegistrationCountry>NL</taxRegistrationCountry>
        <custSupTp>S</custSupTp>
        <postalAddress>
          <country>NL</country>
        </postalAddress>
        <bankAccount>
          <bankAccNr>32541</bankAccNr>
          <bankIdCd>INGBNL2A</bankIdCd>
        </bankAccount>
      </customerSupplier>
      <customerSupplier>
        <custSupID>2026</custSupID>
        <custSupName>Nyenrode</custSupName>
        <taxRegistrationCountry>NL</taxRegistrationCountry>
        <custSupTp>S</custSupTp>
        <postalAddress>
          <country>NL</country>
        </postalAddress>
        <bankAccount>
          <bankAccNr>12345</bankAccNr>
          <bankIdCd>INGBNL2A</bankIdCd>
        </bankAccount>
      </customerSupplier>
      <customerSupplier>
        <custSupID>2027</custSupID>
        <custSupName>Rosenthal Assurantiën</custSupName>
        <taxRegistrationCountry>NL</taxRegistrationCountry>
        <custSupTp>S</custSupTp>
        <postalAddress>
          <country>NL</country>
        </postalAddress>
        <bankAccount>
          <bankAccNr>25789</bankAccNr>
          <bankIdCd>INGBNL2A</bankIdCd>
        </bankAccount>
      </customerSupplier>
      <customerSupplier>
        <custSupID>2028</custSupID>
        <custSupName>Verwoerdt BV</custSupName>
        <taxRegistrationCountry>NL</taxRegistrationCountry>
        <custSupTp>S</custSupTp>
        <postalAddress>
          <country>NL</country>
        </postalAddress>
        <bankAccount>
          <bankAccNr>410184</bankAccNr>
          <bankIdCd>INGBNL2A</bankIdCd>
        </bankAccount>
      </customerSupplier>
      <customerSupplier>
        <custSupID>2029</custSupID>
        <custSupName>Reeds Elsevier</custSupName>
        <taxRegistrationCountry>NL</taxRegistrationCountry>
        <custSupTp>S</custSupTp>
        <postalAddress>
          <country>NL</country>
        </postalAddress>
        <bankAccount>
          <bankAccNr>585858</bankAccNr>
          <bankIdCd>INGBNL2A</bankIdCd>
        </bankAccount>
      </customerSupplier>
      <customerSupplier>
        <custSupID>2030</custSupID>
        <custSupName>Makro Online</custSupName>
        <taxRegistrationCountry>NL</taxRegistrationCountry>
        <custSupTp>S</custSupTp>
        <postalAddress>
          <country>NL</country>
        </postalAddress>
        <bankAccount>
          <bankAccNr>4101202</bankAccNr>
          <bankIdCd>INGBNL2A</bankIdCd>
        </bankAccount>
      </customerSupplier>
      <customerSupplier>
        <custSupID>2031</custSupID>
        <custSupName>Artanis BV</custSupName>
        <taxRegistrationCountry>NL</taxRegistrationCountry>
        <custSupTp>S</custSupTp>
        <postalAddress>
          <country>NL</country>
        </postalAddress>
        <bankAccount>
          <bankAccNr>129535</bankAccNr>
          <bankIdCd>INGBNL2A</bankIdCd>
        </bankAccount>
      </customerSupplier>
      <customerSupplier>
        <custSupID>2032</custSupID>
        <custSupName>Samsung</custSupName>
        <taxRegistrationCountry>NL</taxRegistrationCountry>
        <custSupTp>S</custSupTp>
        <postalAddress>
          <country>NL</country>
        </postalAddress>
        <bankAccount>
          <bankAccNr>653768</bankAccNr>
          <bankIdCd>INGBNL2A</bankIdCd>
        </bankAccount>
      </customerSupplier>
      <customerSupplier>
        <custSupID>2033</custSupID>
        <custSupName>Van Heydenrijk</custSupName>
        <taxRegistrationCountry>NL</taxRegistrationCountry>
        <custSupTp>S</custSupTp>
        <postalAddress>
          <country>NL</country>
        </postalAddress>
        <bankAccount>
          <bankAccNr>635767</bankAccNr>
          <bankIdCd>INGBNL2A</bankIdCd>
        </bankAccount>
      </customerSupplier>
      <customerSupplier>
        <custSupID>2034</custSupID>
        <custSupName>Douwe Egberts</custSupName>
        <taxRegistrationCountry>NL</taxRegistrationCountry>
        <custSupTp>S</custSupTp>
        <postalAddress>
          <country>NL</country>
        </postalAddress>
        <bankAccount>
          <bankAccNr>4563627</bankAccNr>
          <bankIdCd>INGBNL2A</bankIdCd>
        </bankAccount>
      </customerSupplier>
      <customerSupplier>
        <custSupID>2035</custSupID>
        <custSupName>Zaffa Records</custSupName>
        <taxRegistrationCountry>NL</taxRegistrationCountry>
        <custSupTp>S</custSupTp>
        <postalAddress>
          <country>NL</country>
        </postalAddress>
        <bankAccount>
          <bankAccNr>410184152</bankAccNr>
          <bankIdCd>ABNANL2A</bankIdCd>
        </bankAccount>
      </customerSupplier>
      <customerSupplier>
        <custSupID>2036</custSupID>
        <custSupName>Mr. Globologist</custSupName>
        <taxRegistrationCountry>NL</taxRegistrationCountry>
        <custSupTp>S</custSupTp>
        <postalAddress>
          <country>NL</country>
        </postalAddress>
      </customerSupplier>
      <customerSupplier>
        <custSupID>2037</custSupID>
        <custSupName>Apple</custSupName>
        <taxRegistrationCountry>NL</taxRegistrationCountry>
        <custSupTp>S</custSupTp>
        <postalAddress>
          <country>NL</country>
        </postalAddress>
        <bankAccount>
          <bankAccNr>7678368</bankAccNr>
          <bankIdCd>INGBNL2A</bankIdCd>
        </bankAccount>
      </customerSupplier>
      <customerSupplier>
        <custSupID>2038</custSupID>
        <custSupName>Chesterfield</custSupName>
        <taxRegistrationCountry>NL</taxRegistrationCountry>
        <custSupTp>S</custSupTp>
        <postalAddress>
          <country>NL</country>
        </postalAddress>
        <bankAccount>
          <bankAccNr>123454</bankAccNr>
          <bankIdCd>INGBNL2A</bankIdCd>
        </bankAccount>
      </customerSupplier>
      <customerSupplier>
        <custSupID>2039</custSupID>
        <custSupName>Klasema</custSupName>
        <taxRegistrationCountry>NL</taxRegistrationCountry>
        <custSupTp>S</custSupTp>
        <postalAddress>
          <country>NL</country>
        </postalAddress>
        <bankAccount>
          <bankAccNr>676543</bankAccNr>
          <bankIdCd>INGBNL2A</bankIdCd>
        </bankAccount>
      </customerSupplier>
      <customerSupplier>
        <custSupID>2040</custSupID>
        <custSupName>Klein</custSupName>
        <taxRegistrationCountry>NL</taxRegistrationCountry>
        <custSupTp>S</custSupTp>
        <postalAddress>
          <country>NL</country>
        </postalAddress>
        <bankAccount>
          <bankAccNr>410184152</bankAccNr>
          <bankIdCd>ABNANL2A</bankIdCd>
        </bankAccount>
      </customerSupplier>
      <customerSupplier>
        <custSupID>2041</custSupID>
        <custSupName>bedrijvengidsonline</custSupName>
        <commerceNr>1234565</commerceNr>
        <taxRegistrationCountry>NL</taxRegistrationCountry>
        <taxRegIdent>NL853322144B01</taxRegIdent>
        <custSupTp>S</custSupTp>
        <postalAddress>
          <country>NL</country>
        </postalAddress>
      </customerSupplier>
      <customerSupplier>
        <custSupID>2042</custSupID>
        <custSupName>Centraal Boekenhuis B.V.</custSupName>
        <contact>dhr L. Etter</contact>
        <eMail>lees.niet@cb.com</eMail>
        <commerceNr>1238599</commerceNr>
        <taxRegistrationCountry>NL</taxRegistrationCountry>
        <taxRegIdent>NL853322144B01</taxRegIdent>
        <custSupTp>S</custSupTp>
        <postalAddress>
          <streetname>Kindleweg 3</streetname>
          <number/>
          <numberExtension/>
          <city>Rotterdam</city>
          <postalCode>3044BC</postalCode>
          <country>NL</country>
        </postalAddress>
        <bankAccount>
          <bankAccNr>596870019</bankAccNr>
        </bankAccount>
      </customerSupplier>
      <customerSupplier>
        <custSupID>1000</custSupID>
        <custSupName>Waardedijk</custSupName>
        <contact>T.a.v. De heer A. Waardedijk</contact>
        <telephone>023-2356784</telephone>
        <commerceNr>18046457</commerceNr>
        <taxRegistrationCountry>DE</taxRegistrationCountry>
        <custSupTp>C</custSupTp>
        <streetAddress>
          <streetname>Pompoenplein 33</streetname>
          <number/>
          <numberExtension/>
          <city>Utrecht</city>
          <postalCode>1401 AB</postalCode>
          <country>DE</country>
        </streetAddress>
        <bankAccount>
          <bankAccNr>123456789</bankAccNr>
          <bankIdCd>TESTNL2A</bankIdCd>
        </bankAccount>
      </customerSupplier>
      <customerSupplier>
        <custSupID>1001</custSupID>
        <custSupName>Witteveen</custSupName>
        <contact>Mevrouw N. Witteveen</contact>
        <telephone>020-2578954</telephone>
        <commerceNr>32032746</commerceNr>
        <taxRegistrationCountry>BE</taxRegistrationCountry>
        <custSupTp>C</custSupTp>
        <streetAddress>
          <streetname>Brederodelaan 4</streetname>
          <number/>
          <numberExtension/>
          <city>Amsterdam</city>
          <postalCode>1010 AS</postalCode>
          <country>BE</country>
        </streetAddress>
        <bankAccount>
          <bankAccNr>23456</bankAccNr>
        </bankAccount>
      </customerSupplier>
      <customerSupplier>
        <custSupID>1002</custSupID>
        <custSupName>Bosman</custSupName>
        <contact>Mevrouw M. Bosman</contact>
        <telephone>050-6985412</telephone>
        <taxRegistrationCountry>NL</taxRegistrationCountry>
        <custSupTp>C</custSupTp>
        <streetAddress>
          <streetname>Havenstraat 172</streetname>
          <number/>
          <numberExtension/>
          <city>Groningen</city>
          <postalCode>8257 CC</postalCode>
          <country>NL</country>
        </streetAddress>
        <bankAccount>
          <bankAccNr>678912</bankAccNr>
        </bankAccount>
      </customerSupplier>
      <customerSupplier>
        <custSupID>1003</custSupID>
        <custSupName>Samkalde</custSupName>
        <contact>Mevrouw S. Samkalde</contact>
        <telephone>023-5741558</telephone>
        <taxRegistrationCountry>NL</taxRegistrationCountry>
        <custSupTp>C</custSupTp>
        <streetAddress>
          <streetname>Nassaulaan 45</streetname>
          <number/>
          <numberExtension/>
          <city>Haarlem</city>
          <postalCode>2305 FR</postalCode>
          <country>NL</country>
        </streetAddress>
        <bankAccount>
          <bankAccNr>8946343</bankAccNr>
          <bankIdCd>INGBNL2A</bankIdCd>
        </bankAccount>
      </customerSupplier>
      <customerSupplier>
        <custSupID>1004</custSupID>
        <custSupName>De Jong</custSupName>
        <contact>De heer G. de Jong</contact>
        <telephone>010-6874598</telephone>
        <taxRegistrationCountry>NL</taxRegistrationCountry>
        <custSupTp>C</custSupTp>
        <streetAddress>
          <streetname>Huizerweg 124a</streetname>
          <number/>
          <numberExtension/>
          <city>Rotterdam</city>
          <postalCode>3012 AF</postalCode>
          <country>NL</country>
        </streetAddress>
        <bankAccount>
          <bankAccNr>67891</bankAccNr>
        </bankAccount>
      </customerSupplier>
      <customerSupplier>
        <custSupID>1005</custSupID>
        <custSupName>Meijer</custSupName>
        <contact>De heer R. Meijer</contact>
        <telephone>026-4485987</telephone>
        <taxRegistrationCountry>NL</taxRegistrationCountry>
        <custSupTp>C</custSupTp>
        <streetAddress>
          <streetname>B. Wolfflaan 85</streetname>
          <number/>
          <numberExtension/>
          <city>Arnhem</city>
          <postalCode>1401 AB</postalCode>
          <country>NL</country>
        </streetAddress>
        <bankAccount>
          <bankAccNr>410184152</bankAccNr>
        </bankAccount>
      </customerSupplier>
      <customerSupplier>
        <custSupID>1006</custSupID>
        <custSupName>Zonneveld</custSupName>
        <contact>De heer R. Zonneveld</contact>
        <telephone>040-5986985</telephone>
        <taxRegistrationCountry>NL</taxRegistrationCountry>
        <custSupTp>C</custSupTp>
        <streetAddress>
          <streetname>C. de Langelaan 78</streetname>
          <number/>
          <numberExtension/>
          <city>Maastricht</city>
          <postalCode>1010 AS</postalCode>
          <country>NL</country>
        </streetAddress>
        <bankAccount>
          <bankAccNr>84152</bankAccNr>
          <bankIdCd>INGBNL2A</bankIdCd>
        </bankAccount>
      </customerSupplier>
      <customerSupplier>
        <custSupID>1007</custSupID>
        <custSupName>De Wit</custSupName>
        <contact>Mevrouw J. de Wit</contact>
        <telephone>073-5616040</telephone>
        <taxRegistrationCountry>NL</taxRegistrationCountry>
        <custSupTp>C</custSupTp>
        <streetAddress>
          <streetname>'s-Gravelandseweg 109</streetname>
          <number/>
          <numberExtension/>
          <city>Den Bosch</city>
          <postalCode>8257 CC</postalCode>
          <country>NL</country>
        </streetAddress>
        <bankAccount>
          <bankAccNr>912345</bankAccNr>
        </bankAccount>
      </customerSupplier>
      <customerSupplier>
        <custSupID>1008</custSupID>
        <custSupName>Jansen</custSupName>
        <telephone>0118-235789</telephone>
        <taxRegistrationCountry>NL</taxRegistrationCountry>
        <custSupTp>C</custSupTp>
        <streetAddress>
          <streetname>Wilhelminaplantsoen 57</streetname>
          <number/>
          <numberExtension/>
          <city>Vlissingen</city>
          <postalCode>8915 JT</postalCode>
          <country>NL</country>
        </streetAddress>
        <bankAccount>
          <bankAccNr>212345</bankAccNr>
        </bankAccount>
      </customerSupplier>
      <customerSupplier>
        <custSupID>1009</custSupID>
        <custSupName>Ruis</custSupName>
        <contact>De heer L. Ruis</contact>
        <telephone>070-6848721</telephone>
        <taxRegistrationCountry>NL</taxRegistrationCountry>
        <custSupTp>C</custSupTp>
        <streetAddress>
          <streetname>Meerweg 8</streetname>
          <number/>
          <numberExtension/>
          <city>Den Haag</city>
          <postalCode>2305 FR</postalCode>
          <country>NL</country>
        </streetAddress>
        <bankAccount>
          <bankAccNr>312345</bankAccNr>
        </bankAccount>
      </customerSupplier>
      <customerSupplier>
        <custSupID>1010</custSupID>
        <custSupName>Verstraete</custSupName>
        <contact>Mevrouw P. Verstraete</contact>
        <telephone>036-5154578</telephone>
        <taxRegistrationCountry>NL</taxRegistrationCountry>
        <custSupTp>C</custSupTp>
        <streetAddress>
          <streetname>Landstraat 26</streetname>
          <number/>
          <numberExtension/>
          <city>Almere</city>
          <postalCode>3012 AF</postalCode>
          <country>NL</country>
        </streetAddress>
        <bankAccount>
          <bankAccNr>1234567</bankAccNr>
        </bankAccount>
      </customerSupplier>
      <customerSupplier>
        <custSupID>1011</custSupID>
        <custSupName>Spoelder</custSupName>
        <contact>De heer T. Spoelder</contact>
        <telephone>071-3165425</telephone>
        <taxRegistrationCountry>NL</taxRegistrationCountry>
        <custSupTp>C</custSupTp>
        <streetAddress>
          <streetname>Nieuwe Brink 932</streetname>
          <number/>
          <numberExtension/>
          <city>Noordwijk</city>
          <postalCode>1401 AB</postalCode>
          <country>NL</country>
        </streetAddress>
        <bankAccount>
          <bankAccNr>512345678</bankAccNr>
        </bankAccount>
      </customerSupplier>
      <customerSupplier>
        <custSupID>1012</custSupID>
        <custSupName>Tenson</custSupName>
        <contact>De heer K. Tenson</contact>
        <telephone>035-5984567</telephone>
        <taxRegistrationCountry>NL</taxRegistrationCountry>
        <custSupTp>C</custSupTp>
        <streetAddress>
          <streetname>Lange Heul 66</streetname>
          <number/>
          <numberExtension/>
          <city>Huizen</city>
          <postalCode>1010 AS</postalCode>
          <country>NL</country>
        </streetAddress>
        <bankAccount>
          <bankAccNr>6123456</bankAccNr>
        </bankAccount>
      </customerSupplier>
      <customerSupplier>
        <custSupID>1013</custSupID>
        <custSupName>Dalman</custSupName>
        <contact>De heer Q. Dalman</contact>
        <telephone>035-6989898</telephone>
        <taxRegistrationCountry>NL</taxRegistrationCountry>
        <custSupTp>C</custSupTp>
        <streetAddress>
          <streetname>Gen.De Lareijlaan 9</streetname>
          <number/>
          <numberExtension/>
          <city>Bussum</city>
          <postalCode>8257 CC</postalCode>
          <country>NL</country>
        </streetAddress>
        <bankAccount>
          <bankAccNr>712345</bankAccNr>
        </bankAccount>
      </customerSupplier>
      <customerSupplier>
        <custSupID>1014</custSupID>
        <custSupName>Goedhart</custSupName>
        <contact>De heer R. Goedhart</contact>
        <telephone>053-5987854</telephone>
        <taxRegistrationCountry>NL</taxRegistrationCountry>
        <custSupTp>C</custSupTp>
        <streetAddress>
          <streetname>Kapelstraat 89</streetname>
          <number/>
          <numberExtension/>
          <city>Leeuwarden</city>
          <postalCode>8915 JT</postalCode>
          <country>NL</country>
        </streetAddress>
        <bankAccount>
          <bankAccNr>712345</bankAccNr>
        </bankAccount>
      </customerSupplier>
      <customerSupplier>
        <custSupID>1015</custSupID>
        <custSupName>Verbeek</custSupName>
        <contact>de directie</contact>
        <telephone>033-6587456</telephone>
        <taxRegistrationCountry>NL</taxRegistrationCountry>
        <custSupTp>C</custSupTp>
        <streetAddress>
          <streetname>De Wel 20b</streetname>
          <number/>
          <numberExtension/>
          <city>Hoevelaken</city>
          <postalCode>3782MV</postalCode>
          <country>NL</country>
        </streetAddress>
        <bankAccount>
          <bankAccNr>712345</bankAccNr>
        </bankAccount>
      </customerSupplier>
      <customerSupplier>
        <custSupID>1016</custSupID>
        <custSupName>Stalknecht</custSupName>
        <contact>De heer F. Stalknecht</contact>
        <telephone>033-5578987</telephone>
        <taxRegistrationCountry>NL</taxRegistrationCountry>
        <custSupTp>C</custSupTp>
        <streetAddress>
          <streetname>Heideweg 13</streetname>
          <number/>
          <numberExtension/>
          <city>Hoevelaken</city>
          <postalCode>1276 EG</postalCode>
          <country>NL</country>
        </streetAddress>
        <bankAccount>
          <bankAccNr>712345</bankAccNr>
        </bankAccount>
      </customerSupplier>
      <customerSupplier>
        <custSupID>1017</custSupID>
        <custSupName>Rendez Vous</custSupName>
        <contact>De heer B. Knegt</contact>
        <telephone>035-5369854</telephone>
        <taxRegistrationCountry>NL</taxRegistrationCountry>
        <custSupTp>C</custSupTp>
        <streetAddress>
          <streetname>De Groest 37</streetname>
          <number/>
          <numberExtension/>
          <city>Hilversum</city>
          <postalCode>1211 DH</postalCode>
          <country>NL</country>
        </streetAddress>
        <bankAccount>
          <bankAccNr>712345</bankAccNr>
        </bankAccount>
      </customerSupplier>
      <customerSupplier>
        <custSupID>1018</custSupID>
        <custSupName>Gebroeders Walter</custSupName>
        <taxRegistrationCountry>NL</taxRegistrationCountry>
        <custSupTp>C</custSupTp>
        <streetAddress>
          <country>NL</country>
        </streetAddress>
        <bankAccount>
          <bankAccNr>642363544</bankAccNr>
        </bankAccount>
      </customerSupplier>
      <customerSupplier>
        <custSupID>1019</custSupID>
        <custSupName>Roelofsen</custSupName>
        <taxRegistrationCountry>NL</taxRegistrationCountry>
        <custSupTp>C</custSupTp>
        <streetAddress>
          <country>NL</country>
        </streetAddress>
        <bankAccount>
          <bankAccNr>123456789</bankAccNr>
        </bankAccount>
      </customerSupplier>
      <customerSupplier>
        <custSupID>1020</custSupID>
        <custSupName>Concorde Group BV</custSupName>
        <contact>de heer P. Nitschke</contact>
        <telephone>020-2674675</telephone>
        <website>www.concorde.nl</website>
        <taxRegistrationCountry>NL</taxRegistrationCountry>
        <custSupTp>C</custSupTp>
        <streetAddress>
          <streetname>Postbus 140</streetname>
          <number/>
          <numberExtension/>
          <city>Amstelveen</city>
          <postalCode>1180 AC</postalCode>
          <country>NL</country>
        </streetAddress>
      </customerSupplier>
      <customerSupplier>
        <custSupID>1021</custSupID>
        <custSupName>Jacobus Recourt</custSupName>
        <taxRegistrationCountry>NL</taxRegistrationCountry>
        <custSupTp>C</custSupTp>
        <streetAddress>
          <country>NL</country>
        </streetAddress>
      </customerSupplier>
      <customerSupplier>
        <custSupID>1022</custSupID>
        <custSupName>Dijkstra</custSupName>
        <telephone>010-8763728</telephone>
        <taxRegistrationCountry>NL</taxRegistrationCountry>
        <custSupTp>C</custSupTp>
        <streetAddress>
          <streetname>Beeldschermstraat 37</streetname>
          <number/>
          <numberExtension/>
          <city>Vlieringerwerf</city>
          <postalCode>3456 XX</postalCode>
          <country>NL</country>
        </streetAddress>
      </customerSupplier>
      <customerSupplier>
        <custSupID>1023</custSupID>
        <custSupName>Lans</custSupName>
        <taxRegistrationCountry>NL</taxRegistrationCountry>
        <custSupTp>C</custSupTp>
        <streetAddress>
          <country>NL</country>
        </streetAddress>
      </customerSupplier>
      <customerSupplier>
        <custSupID>1024</custSupID>
        <custSupName>Van Geenhuizen</custSupName>
        <contact>de heer J. Jansen</contact>
        <taxRegistrationCountry>NL</taxRegistrationCountry>
        <custSupTp>C</custSupTp>
        <streetAddress>
          <streetname>De Wel 20b</streetname>
          <number/>
          <numberExtension/>
          <city>Hoevelaken</city>
          <postalCode>3739 AX</postalCode>
          <country>NL</country>
        </streetAddress>
      </customerSupplier>
      <customerSupplier>
        <custSupID>1025</custSupID>
        <custSupName>De Brael B.V.</custSupName>
        <contact>Dhr De Brael</contact>
        <taxRegistrationCountry>NL</taxRegistrationCountry>
        <custSupTp>C</custSupTp>
        <streetAddress>
          <streetname>De Beek 13-15</streetname>
          <number/>
          <numberExtension/>
          <city>Hoevelaken</city>
          <postalCode>1234 AA</postalCode>
          <country>NL</country>
        </streetAddress>
      </customerSupplier>
      <customerSupplier>
        <custSupID>1026</custSupID>
        <custSupName>De Voetzoeker B.V.</custSupName>
        <contact>de heer R. Otje</contact>
        <eMail>waanzin@herrie.com</eMail>
        <commerceNr>12345677</commerceNr>
        <taxRegistrationCountry>NL</taxRegistrationCountry>
        <taxRegIdent>NL853322144B01</taxRegIdent>
        <custSupTp>C</custSupTp>
        <streetAddress>
          <streetname>Knalstraat 3</streetname>
          <number/>
          <numberExtension/>
          <city>Rotterdam</city>
          <postalCode>3044BC</postalCode>
          <country>NL</country>
        </streetAddress>
        <bankAccount>
          <bankAccNr>596870019</bankAccNr>
        </bankAccount>
      </customerSupplier>
      <customerSupplier>
        <custSupID>1027</custSupID>
        <custSupName>Multicycle B.V.</custSupName>
        <commerceNr>09042734</commerceNr>
        <taxRegistrationCountry>NL</taxRegistrationCountry>
        <custSupTp>C</custSupTp>
        <streetAddress>
          <country>NL</country>
        </streetAddress>
      </customerSupplier>
    </customersSuppliers>
    <generalLedger>
      <ledgerAccount>
        <accID>0050</accID>
        <accDesc>Goodwill</accDesc>
        <accTp>B</accTp>
      </ledgerAccount>
      <ledgerAccount>
        <accID>0055</accID>
        <accDesc>Afschr goodwill</accDesc>
        <accTp>B</accTp>
      </ledgerAccount>
      <ledgerAccount>
        <accID>0089</accID>
        <accDesc>Winst &amp; verlies vorig boekjaar</accDesc>
        <accTp>B</accTp>
      </ledgerAccount>
      <ledgerAccount>
        <accID>0090</accID>
        <accDesc>Grond/terrein</accDesc>
        <accTp>B</accTp>
      </ledgerAccount>
      <ledgerAccount>
        <accID>0100</accID>
        <accDesc>Gebouwen</accDesc>
        <accTp>B</accTp>
      </ledgerAccount>
      <ledgerAccount>
        <accID>0105</accID>
        <accDesc>Afschr gebouwen</accDesc>
        <accTp>B</accTp>
      </ledgerAccount>
      <ledgerAccount>
        <accID>0110</accID>
        <accDesc>Verbouwing</accDesc>
        <accTp>B</accTp>
      </ledgerAccount>
      <ledgerAccount>
        <accID>0115</accID>
        <accDesc>Afschr verbouwing</accDesc>
        <accTp>B</accTp>
      </ledgerAccount>
      <ledgerAccount>
        <accID>0120</accID>
        <accDesc>Machines</accDesc>
        <accTp>B</accTp>
      </ledgerAccount>
      <ledgerAccount>
        <accID>0125</accID>
        <accDesc>Afschr machines</accDesc>
        <accTp>B</accTp>
      </ledgerAccount>
      <ledgerAccount>
        <accID>0130</accID>
        <accDesc>Gereedschappen</accDesc>
        <accTp>B</accTp>
      </ledgerAccount>
      <ledgerAccount>
        <accID>0135</accID>
        <accDesc>Afschr gereedschappen</accDesc>
        <accTp>B</accTp>
      </ledgerAccount>
      <ledgerAccount>
        <accID>0140</accID>
        <accDesc>Inventaris</accDesc>
        <accTp>B</accTp>
      </ledgerAccount>
      <ledgerAccount>
        <accID>0145</accID>
        <accDesc>Afschr inventaris</accDesc>
        <accTp>B</accTp>
      </ledgerAccount>
      <ledgerAccount>
        <accID>0150</accID>
        <accDesc>Computers</accDesc>
        <accTp>B</accTp>
      </ledgerAccount>
      <ledgerAccount>
        <accID>0155</accID>
        <accDesc>Afschr computers</accDesc>
        <accTp>B</accTp>
      </ledgerAccount>
      <ledgerAccount>
        <accID>0160</accID>
        <accDesc>Transportmiddelen</accDesc>
        <accTp>B</accTp>
      </ledgerAccount>
      <ledgerAccount>
        <accID>0165</accID>
        <accDesc>Afschr transportmiddelen</accDesc>
        <accTp>B</accTp>
      </ledgerAccount>
      <ledgerAccount>
        <accID>0230</accID>
        <accDesc>Hypotheek</accDesc>
        <accTp>B</accTp>
      </ledgerAccount>
      <ledgerAccount>
        <accID>0320</accID>
        <accDesc>Diverse voorzieningen</accDesc>
        <accTp>B</accTp>
      </ledgerAccount>
      <ledgerAccount>
        <accID>0800</accID>
        <accDesc>Aandelenkapitaal</accDesc>
        <accTp>B</accTp>
      </ledgerAccount>
      <ledgerAccount>
        <accID>0801</accID>
        <accDesc>Aandelen in port.</accDesc>
        <accTp>B</accTp>
      </ledgerAccount>
      <ledgerAccount>
        <accID>0840</accID>
        <accDesc>Wettelijke reserve</accDesc>
        <accTp>B</accTp>
      </ledgerAccount>
      <ledgerAccount>
        <accID>0845</accID>
        <accDesc>Herwaarderingsreserve</accDesc>
        <accTp>B</accTp>
      </ledgerAccount>
      <ledgerAccount>
        <accID>0850</accID>
        <accDesc>Onverdeelde winst</accDesc>
        <accTp>B</accTp>
      </ledgerAccount>
      <ledgerAccount>
        <accID>0851</accID>
        <accDesc>Winst vorig boekjaar</accDesc>
        <accTp>B</accTp>
      </ledgerAccount>
      <ledgerAccount>
        <accID>0880</accID>
        <accDesc>Algemene reserve</accDesc>
        <accTp>B</accTp>
      </ledgerAccount>
      <ledgerAccount>
        <accID>0890</accID>
        <accDesc>Dividenduitkeringen</accDesc>
        <accTp>B</accTp>
      </ledgerAccount>
      <ledgerAccount>
        <accID>1000</accID>
        <accDesc>Kas</accDesc>
        <accTp>B</accTp>
      </ledgerAccount>
      <ledgerAccount>
        <accID>1005</accID>
        <accDesc>Kas Amsterdam</accDesc>
        <accTp>B</accTp>
      </ledgerAccount>
      <ledgerAccount>
        <accID>1011</accID>
        <accDesc>SNS-Bank</accDesc>
        <accTp>B</accTp>
      </ledgerAccount>
      <ledgerAccount>
        <accID>1015</accID>
        <accDesc>ABN-Amro</accDesc>
        <accTp>B</accTp>
      </ledgerAccount>
      <ledgerAccount>
        <accID>1030</accID>
        <accDesc>ING Bank</accDesc>
        <accTp>B</accTp>
      </ledgerAccount>
      <ledgerAccount>
        <accID>1260</accID>
        <accDesc>Waarborgsommen</accDesc>
        <accTp>B</accTp>
      </ledgerAccount>
      <ledgerAccount>
        <accID>1270</accID>
        <accDesc>Vooruitbet  bedragen</accDesc>
        <accTp>B</accTp>
      </ledgerAccount>
      <ledgerAccount>
        <accID>1280</accID>
        <accDesc>Nog te ontv bedragen</accDesc>
        <accTp>B</accTp>
      </ledgerAccount>
      <ledgerAccount>
        <accID>1300</accID>
        <accDesc>Debiteuren</accDesc>
        <accTp>B</accTp>
      </ledgerAccount>
      <ledgerAccount>
        <accID>1310</accID>
        <accDesc>Voorz dubieuze debiteuren</accDesc>
        <accTp>B</accTp>
      </ledgerAccount>
      <ledgerAccount>
        <accID>1440</accID>
        <accDesc>R/C Directie</accDesc>
        <accTp>B</accTp>
      </ledgerAccount>
      <ledgerAccount>
        <accID>1500</accID>
        <accDesc>Te vord OB 6%</accDesc>
        <accTp>B</accTp>
      </ledgerAccount>
      <ledgerAccount>
        <accID>1510</accID>
        <accDesc>Te vord OB 19%</accDesc>
        <accTp>B</accTp>
      </ledgerAccount>
      <ledgerAccount>
        <accID>1511</accID>
        <accDesc>Te vorderen OB 21%</accDesc>
        <accTp>B</accTp>
      </ledgerAccount>
      <ledgerAccount>
        <accID>1515</accID>
        <accDesc>Inkopen 0%</accDesc>
        <accTp>B</accTp>
      </ledgerAccount>
      <ledgerAccount>
        <accID>1516</accID>
        <accDesc>BTW verlegd naar mij</accDesc>
        <accTp>B</accTp>
      </ledgerAccount>
      <ledgerAccount>
        <accID>1520</accID>
        <accDesc>Te betalen OB 6%</accDesc>
        <accTp>B</accTp>
      </ledgerAccount>
      <ledgerAccount>
        <accID>1530</accID>
        <accDesc>Te betalen OB 19%</accDesc>
        <accTp>B</accTp>
      </ledgerAccount>
      <ledgerAccount>
        <accID>1531</accID>
        <accDesc>Te betalen OB 21%</accDesc>
        <accTp>B</accTp>
      </ledgerAccount>
      <ledgerAccount>
        <accID>1535</accID>
        <accDesc>Verkopen BTW 0%</accDesc>
        <accTp>B</accTp>
      </ledgerAccount>
      <ledgerAccount>
        <accID>1560</accID>
        <accDesc>Af te dragen OB</accDesc>
        <accTp>B</accTp>
      </ledgerAccount>
      <ledgerAccount>
        <accID>1600</accID>
        <accDesc>Crediteuren</accDesc>
        <accTp>B</accTp>
      </ledgerAccount>
      <ledgerAccount>
        <accID>1810</accID>
        <accDesc>TB Loonheffing</accDesc>
        <accTp>B</accTp>
      </ledgerAccount>
      <ledgerAccount>
        <accID>1820</accID>
        <accDesc>TB Vennootschapsbelasting</accDesc>
        <accTp>B</accTp>
      </ledgerAccount>
      <ledgerAccount>
        <accID>1830</accID>
        <accDesc>TB GAK</accDesc>
        <accTp>B</accTp>
      </ledgerAccount>
      <ledgerAccount>
        <accID>1835</accID>
        <accDesc>TB sociaal fonds</accDesc>
        <accTp>B</accTp>
      </ledgerAccount>
      <ledgerAccount>
        <accID>1840</accID>
        <accDesc>TB pensioenpremie</accDesc>
        <accTp>B</accTp>
      </ledgerAccount>
      <ledgerAccount>
        <accID>1845</accID>
        <accDesc>TB WAO-gat verzekering</accDesc>
        <accTp>B</accTp>
      </ledgerAccount>
      <ledgerAccount>
        <accID>1850</accID>
        <accDesc>TB VUT-premie</accDesc>
        <accTp>B</accTp>
      </ledgerAccount>
      <ledgerAccount>
        <accID>1890</accID>
        <accDesc>TB overige premies</accDesc>
        <accTp>B</accTp>
      </ledgerAccount>
      <ledgerAccount>
        <accID>1900</accID>
        <accDesc>NTB bedragen</accDesc>
        <accTp>B</accTp>
      </ledgerAccount>
      <ledgerAccount>
        <accID>1910</accID>
        <accDesc>Vooruitontv bedragen</accDesc>
        <accTp>B</accTp>
      </ledgerAccount>
      <ledgerAccount>
        <accID>2000</accID>
        <accDesc>Tussenrek.lonen</accDesc>
        <accTp>B</accTp>
      </ledgerAccount>
      <ledgerAccount>
        <accID>2010</accID>
        <accDesc>Tussenrek.spaarloon</accDesc>
        <accTp>B</accTp>
      </ledgerAccount>
      <ledgerAccount>
        <accID>2020</accID>
        <accDesc>Tussenrek.premiespaarloon</accDesc>
        <accTp>B</accTp>
      </ledgerAccount>
      <ledgerAccount>
        <accID>2100</accID>
        <accDesc>TB vakantiegeld</accDesc>
        <accTp>B</accTp>
      </ledgerAccount>
      <ledgerAccount>
        <accID>2500</accID>
        <accDesc>Kruisposten</accDesc>
        <accTp>B</accTp>
      </ledgerAccount>
      <ledgerAccount>
        <accID>2510</accID>
        <accDesc>Tussenrekening PIN</accDesc>
        <accTp>B</accTp>
      </ledgerAccount>
      <ledgerAccount>
        <accID>2600</accID>
        <accDesc>Voorschotten</accDesc>
        <accTp>B</accTp>
      </ledgerAccount>
      <ledgerAccount>
        <accID>2900</accID>
        <accDesc>Beginbalans</accDesc>
        <accTp>B</accTp>
      </ledgerAccount>
      <ledgerAccount>
        <accID>2999</accID>
        <accDesc>Uit te zoeken posten</accDesc>
        <accTp>B</accTp>
      </ledgerAccount>
      <ledgerAccount>
        <accID>3000</accID>
        <accDesc>Voorraad</accDesc>
        <accTp>B</accTp>
      </ledgerAccount>
      <ledgerAccount>
        <accID>3100</accID>
        <accDesc>Onderhanden werk</accDesc>
        <accTp>B</accTp>
      </ledgerAccount>
      <ledgerAccount>
        <accID>4000</accID>
        <accDesc>Salaris</accDesc>
        <accTp>P</accTp>
      </ledgerAccount>
      <ledgerAccount>
        <accID>4004</accID>
        <accDesc>Bonussen/gratificaties</accDesc>
        <accTp>P</accTp>
      </ledgerAccount>
      <ledgerAccount>
        <accID>4006</accID>
        <accDesc>Vakantiegeld</accDesc>
        <accTp>P</accTp>
      </ledgerAccount>
      <ledgerAccount>
        <accID>4008</accID>
        <accDesc>Overhevelingstoeslag</accDesc>
        <accTp>P</accTp>
      </ledgerAccount>
      <ledgerAccount>
        <accID>4009</accID>
        <accDesc>Overige kosten</accDesc>
        <accTp>P</accTp>
      </ledgerAccount>
      <ledgerAccount>
        <accID>4010</accID>
        <accDesc>Ontvangen ziekengeld</accDesc>
        <accTp>P</accTp>
      </ledgerAccount>
      <ledgerAccount>
        <accID>4030</accID>
        <accDesc>Sociale lasten</accDesc>
        <accTp>P</accTp>
      </ledgerAccount>
      <ledgerAccount>
        <accID>4032</accID>
        <accDesc>Ingehouden sociale lasten</accDesc>
        <accTp>P</accTp>
      </ledgerAccount>
      <ledgerAccount>
        <accID>4034</accID>
        <accDesc>Pensioenpremie</accDesc>
        <accTp>P</accTp>
      </ledgerAccount>
      <ledgerAccount>
        <accID>4036</accID>
        <accDesc>Eigen bijdr.pensioen</accDesc>
        <accTp>P</accTp>
      </ledgerAccount>
      <ledgerAccount>
        <accID>4042</accID>
        <accDesc>WAO-gat premie</accDesc>
        <accTp>P</accTp>
      </ledgerAccount>
      <ledgerAccount>
        <accID>4044</accID>
        <accDesc>Eigen bijdr. WAO-gat pr.</accDesc>
        <accTp>P</accTp>
      </ledgerAccount>
      <ledgerAccount>
        <accID>4046</accID>
        <accDesc>VUT-premie</accDesc>
        <accTp>P</accTp>
      </ledgerAccount>
      <ledgerAccount>
        <accID>4048</accID>
        <accDesc>Eigen bijdr. VUT-premie</accDesc>
        <accTp>P</accTp>
      </ledgerAccount>
      <ledgerAccount>
        <accID>4050</accID>
        <accDesc>Verzekering ziektewet</accDesc>
        <accTp>P</accTp>
      </ledgerAccount>
      <ledgerAccount>
        <accID>4055</accID>
        <accDesc>Verzekering ziektewet deel 1</accDesc>
        <accTp>P</accTp>
      </ledgerAccount>
      <ledgerAccount>
        <accID>4060</accID>
        <accDesc>Kosten spaarloon</accDesc>
        <accTp>P</accTp>
      </ledgerAccount>
      <ledgerAccount>
        <accID>4062</accID>
        <accDesc>Kosten premiespaarloon</accDesc>
        <accTp>P</accTp>
      </ledgerAccount>
      <ledgerAccount>
        <accID>4064</accID>
        <accDesc>Onbel.onkostenvergoeding</accDesc>
        <accTp>P</accTp>
      </ledgerAccount>
      <ledgerAccount>
        <accID>4066</accID>
        <accDesc>Onbelaste uitkeringen</accDesc>
        <accTp>P</accTp>
      </ledgerAccount>
      <ledgerAccount>
        <accID>4072</accID>
        <accDesc>Kosten arbodienst</accDesc>
        <accTp>P</accTp>
      </ledgerAccount>
      <ledgerAccount>
        <accID>4074</accID>
        <accDesc>Personeelskosten</accDesc>
        <accTp>P</accTp>
      </ledgerAccount>
      <ledgerAccount>
        <accID>4080</accID>
        <accDesc>Onbelaste reiskstvergoed.</accDesc>
        <accTp>P</accTp>
      </ledgerAccount>
      <ledgerAccount>
        <accID>4082</accID>
        <accDesc>Belaste reiskstvergoeding</accDesc>
        <accTp>P</accTp>
      </ledgerAccount>
      <ledgerAccount>
        <accID>4084</accID>
        <accDesc>Reiskosten woon-werk</accDesc>
        <accTp>P</accTp>
      </ledgerAccount>
      <ledgerAccount>
        <accID>4086</accID>
        <accDesc>Kilometervergoedingen</accDesc>
        <accTp>P</accTp>
      </ledgerAccount>
      <ledgerAccount>
        <accID>4088</accID>
        <accDesc>Kosten overnachtingen</accDesc>
        <accTp>P</accTp>
      </ledgerAccount>
      <ledgerAccount>
        <accID>4092</accID>
        <accDesc>Overige reis &amp; verblijfk.</accDesc>
        <accTp>P</accTp>
      </ledgerAccount>
      <ledgerAccount>
        <accID>4100</accID>
        <accDesc>Huur</accDesc>
        <accTp>P</accTp>
      </ledgerAccount>
      <ledgerAccount>
        <accID>4105</accID>
        <accDesc>Onderhoud terrein</accDesc>
        <accTp>P</accTp>
      </ledgerAccount>
      <ledgerAccount>
        <accID>4110</accID>
        <accDesc>Onderhoud gebouwen</accDesc>
        <accTp>P</accTp>
      </ledgerAccount>
      <ledgerAccount>
        <accID>4120</accID>
        <accDesc>Gas/water/electriciteit</accDesc>
        <accTp>P</accTp>
      </ledgerAccount>
      <ledgerAccount>
        <accID>4130</accID>
        <accDesc>Zakelijke belastingen</accDesc>
        <accTp>P</accTp>
      </ledgerAccount>
      <ledgerAccount>
        <accID>4135</accID>
        <accDesc>Verzekeringen onr.goed</accDesc>
        <accTp>P</accTp>
      </ledgerAccount>
      <ledgerAccount>
        <accID>4140</accID>
        <accDesc>Schoonmaakkosten</accDesc>
        <accTp>P</accTp>
      </ledgerAccount>
      <ledgerAccount>
        <accID>4145</accID>
        <accDesc>Kantinekosten</accDesc>
        <accTp>P</accTp>
      </ledgerAccount>
      <ledgerAccount>
        <accID>4150</accID>
        <accDesc>Onderhoud inventaris</accDesc>
        <accTp>P</accTp>
      </ledgerAccount>
      <ledgerAccount>
        <accID>4160</accID>
        <accDesc>Overige huisvestingskst</accDesc>
        <accTp>P</accTp>
      </ledgerAccount>
      <ledgerAccount>
        <accID>4305</accID>
        <accDesc>Reclame/advertenties</accDesc>
        <accTp>P</accTp>
      </ledgerAccount>
      <ledgerAccount>
        <accID>4320</accID>
        <accDesc>Representatiekosten</accDesc>
        <accTp>P</accTp>
      </ledgerAccount>
      <ledgerAccount>
        <accID>4330</accID>
        <accDesc>Relatiegeschenken</accDesc>
        <accTp>P</accTp>
      </ledgerAccount>
      <ledgerAccount>
        <accID>4340</accID>
        <accDesc>Overige verkoopkosten</accDesc>
        <accTp>P</accTp>
      </ledgerAccount>
      <ledgerAccount>
        <accID>4660</accID>
        <accDesc>Autokosten</accDesc>
        <accTp>P</accTp>
      </ledgerAccount>
      <ledgerAccount>
        <accID>4661</accID>
        <accDesc>Parkeerkosten</accDesc>
        <accTp>P</accTp>
      </ledgerAccount>
      <ledgerAccount>
        <accID>4664</accID>
        <accDesc>Brandstofkosten</accDesc>
        <accTp>P</accTp>
      </ledgerAccount>
      <ledgerAccount>
        <accID>4665</accID>
        <accDesc>Leasekosten</accDesc>
        <accTp>P</accTp>
      </ledgerAccount>
      <ledgerAccount>
        <accID>4670</accID>
        <accDesc>Boetes</accDesc>
        <accTp>P</accTp>
      </ledgerAccount>
      <ledgerAccount>
        <accID>4700</accID>
        <accDesc>Afschr kstn goodwill</accDesc>
        <accTp>P</accTp>
      </ledgerAccount>
      <ledgerAccount>
        <accID>4705</accID>
        <accDesc>Testrekening waalre</accDesc>
        <accTp>P</accTp>
      </ledgerAccount>
      <ledgerAccount>
        <accID>4710</accID>
        <accDesc>Afschr kstn gebouwen</accDesc>
        <accTp>P</accTp>
      </ledgerAccount>
      <ledgerAccount>
        <accID>4720</accID>
        <accDesc>Afschr kstn verbouwing</accDesc>
        <accTp>P</accTp>
      </ledgerAccount>
      <ledgerAccount>
        <accID>4730</accID>
        <accDesc>Afschr kstn machines</accDesc>
        <accTp>P</accTp>
      </ledgerAccount>
      <ledgerAccount>
        <accID>4740</accID>
        <accDesc>Afschr kstn gereedschap</accDesc>
        <accTp>P</accTp>
      </ledgerAccount>
      <ledgerAccount>
        <accID>4750</accID>
        <accDesc>Afschr kstn inventaris</accDesc>
        <accTp>P</accTp>
      </ledgerAccount>
      <ledgerAccount>
        <accID>4760</accID>
        <accDesc>Afschr kstn computers</accDesc>
        <accTp>P</accTp>
      </ledgerAccount>
      <ledgerAccount>
        <accID>4770</accID>
        <accDesc>Afschr kstn transportmid.</accDesc>
        <accTp>P</accTp>
      </ledgerAccount>
      <ledgerAccount>
        <accID>4800</accID>
        <accDesc>Kantoorartikelen</accDesc>
        <accTp>P</accTp>
      </ledgerAccount>
      <ledgerAccount>
        <accID>4805</accID>
        <accDesc>Drukwerk/papier</accDesc>
        <accTp>P</accTp>
      </ledgerAccount>
      <ledgerAccount>
        <accID>4820</accID>
        <accDesc>Abonnementen</accDesc>
        <accTp>P</accTp>
      </ledgerAccount>
      <ledgerAccount>
        <accID>4825</accID>
        <accDesc>Contributies en bijdragen</accDesc>
        <accTp>P</accTp>
      </ledgerAccount>
      <ledgerAccount>
        <accID>4830</accID>
        <accDesc>Telefoon- en faxkosten</accDesc>
        <accTp>P</accTp>
      </ledgerAccount>
      <ledgerAccount>
        <accID>4835</accID>
        <accDesc>Internetkosten</accDesc>
        <accTp>P</accTp>
      </ledgerAccount>
      <ledgerAccount>
        <accID>4840</accID>
        <accDesc>Verzendkosten</accDesc>
        <accTp>P</accTp>
      </ledgerAccount>
      <ledgerAccount>
        <accID>4845</accID>
        <accDesc>Opleidingen en studiematerialen</accDesc>
        <accTp>P</accTp>
      </ledgerAccount>
      <ledgerAccount>
        <accID>4852</accID>
        <accDesc>Verzekeringen algemeen</accDesc>
        <accTp>P</accTp>
      </ledgerAccount>
      <ledgerAccount>
        <accID>4854</accID>
        <accDesc>Accountantskosten</accDesc>
        <accTp>P</accTp>
      </ledgerAccount>
      <ledgerAccount>
        <accID>4855</accID>
        <accDesc>Oprichtingskosten</accDesc>
        <accTp>P</accTp>
      </ledgerAccount>
      <ledgerAccount>
        <accID>4856</accID>
        <accDesc>Advieskosten</accDesc>
        <accTp>P</accTp>
      </ledgerAccount>
      <ledgerAccount>
        <accID>4858</accID>
        <accDesc>Dotatie voorz.dub.deb.</accDesc>
        <accTp>P</accTp>
      </ledgerAccount>
      <ledgerAccount>
        <accID>4868</accID>
        <accDesc>Automatiseringskosten</accDesc>
        <accTp>P</accTp>
      </ledgerAccount>
      <ledgerAccount>
        <accID>4875</accID>
        <accDesc>Overige kantoorkosten</accDesc>
        <accTp>P</accTp>
      </ledgerAccount>
      <ledgerAccount>
        <accID>4885</accID>
        <accDesc>Overige algemene kosten</accDesc>
        <accTp>P</accTp>
      </ledgerAccount>
      <ledgerAccount>
        <accID>5500</accID>
        <accDesc>Ov. consumpwerknemers (buiten werkplek)</accDesc>
        <accTp>P</accTp>
      </ledgerAccount>
      <ledgerAccount>
        <accID>5550</accID>
        <accDesc>Verteer werknemers op werkplek (geen maa</accDesc>
        <accTp>P</accTp>
      </ledgerAccount>
      <ledgerAccount>
        <accID>5700</accID>
        <accDesc>Maaltijden met zakelijke relaties</accDesc>
        <accTp>P</accTp>
      </ledgerAccount>
      <ledgerAccount>
        <accID>7110</accID>
        <accDesc>Inkoop banken</accDesc>
        <accTp>P</accTp>
      </ledgerAccount>
      <ledgerAccount>
        <accID>7115</accID>
        <accDesc>Inkoop kasten</accDesc>
        <accTp>P</accTp>
      </ledgerAccount>
      <ledgerAccount>
        <accID>7120</accID>
        <accDesc>Inkoop lampen</accDesc>
        <accTp>P</accTp>
      </ledgerAccount>
      <ledgerAccount>
        <accID>7125</accID>
        <accDesc>Inkoop overig</accDesc>
        <accTp>P</accTp>
      </ledgerAccount>
      <ledgerAccount>
        <accID>7130</accID>
        <accDesc>Inkoop bedden</accDesc>
        <accTp>P</accTp>
      </ledgerAccount>
      <ledgerAccount>
        <accID>8010</accID>
        <accDesc>Omzet waterbedden</accDesc>
        <accTp>P</accTp>
      </ledgerAccount>
      <ledgerAccount>
        <accID>8020</accID>
        <accDesc>Omzet kasten</accDesc>
        <accTp>P</accTp>
      </ledgerAccount>
      <ledgerAccount>
        <accID>8022</accID>
        <accDesc>Omzet zitmeubelen</accDesc>
        <accTp>P</accTp>
      </ledgerAccount>
      <ledgerAccount>
        <accID>8024</accID>
        <accDesc>Omzet verlichting</accDesc>
        <accTp>P</accTp>
      </ledgerAccount>
      <ledgerAccount>
        <accID>8026</accID>
        <accDesc>Omzet overige</accDesc>
        <accTp>P</accTp>
      </ledgerAccount>
      <ledgerAccount>
        <accID>8028</accID>
        <accDesc>Omzet bedden</accDesc>
        <accTp>P</accTp>
      </ledgerAccount>
      <ledgerAccount>
        <accID>8030</accID>
        <accDesc>Omzetkortingen</accDesc>
        <accTp>P</accTp>
      </ledgerAccount>
      <ledgerAccount>
        <accID>9000</accID>
        <accDesc>Ontv rente bank</accDesc>
        <accTp>P</accTp>
      </ledgerAccount>
      <ledgerAccount>
        <accID>9005</accID>
        <accDesc>Betaalde rente bank</accDesc>
        <accTp>P</accTp>
      </ledgerAccount>
      <ledgerAccount>
        <accID>9010</accID>
        <accDesc>Ontv rente hypotheek u/g</accDesc>
        <accTp>P</accTp>
      </ledgerAccount>
      <ledgerAccount>
        <accID>9015</accID>
        <accDesc>Ontv rente leningen u/g</accDesc>
        <accTp>P</accTp>
      </ledgerAccount>
      <ledgerAccount>
        <accID>9020</accID>
        <accDesc>Ontv rente Belastingdnst</accDesc>
        <accTp>P</accTp>
      </ledgerAccount>
      <ledgerAccount>
        <accID>9025</accID>
        <accDesc>Betaalde rente hypotheek</accDesc>
        <accTp>P</accTp>
      </ledgerAccount>
      <ledgerAccount>
        <accID>9030</accID>
        <accDesc>Betaalde rente leningen o/g</accDesc>
        <accTp>P</accTp>
      </ledgerAccount>
      <ledgerAccount>
        <accID>9035</accID>
        <accDesc>Overige ontvangen rente</accDesc>
        <accTp>P</accTp>
      </ledgerAccount>
      <ledgerAccount>
        <accID>9036</accID>
        <accDesc>Gereal.resultaat aandelen</accDesc>
        <accTp>P</accTp>
      </ledgerAccount>
      <ledgerAccount>
        <accID>9037</accID>
        <accDesc>Onger.koersverlies aand.</accDesc>
        <accTp>P</accTp>
      </ledgerAccount>
      <ledgerAccount>
        <accID>9040</accID>
        <accDesc>Koersverschillen</accDesc>
        <accTp>P</accTp>
      </ledgerAccount>
      <ledgerAccount>
        <accID>9045</accID>
        <accDesc>Betalingsverschillen</accDesc>
        <accTp>P</accTp>
      </ledgerAccount>
      <ledgerAccount>
        <accID>9047</accID>
        <accDesc>Korting inkopen</accDesc>
        <accTp>P</accTp>
      </ledgerAccount>
      <ledgerAccount>
        <accID>9048</accID>
        <accDesc>Korting verkopen</accDesc>
        <accTp>P</accTp>
      </ledgerAccount>
      <ledgerAccount>
        <accID>9050</accID>
        <accDesc>Kasverschillen</accDesc>
        <accTp>P</accTp>
      </ledgerAccount>
      <ledgerAccount>
        <accID>9060</accID>
        <accDesc>Afrondingsverschillen</accDesc>
        <accTp>P</accTp>
      </ledgerAccount>
      <ledgerAccount>
        <accID>9070</accID>
        <accDesc>Overige baten en lasten</accDesc>
        <accTp>P</accTp>
      </ledgerAccount>
      <ledgerAccount>
        <accID>9500</accID>
        <accDesc>Vennootschapsbelasting</accDesc>
        <accTp>P</accTp>
      </ledgerAccount>
      <ledgerAccount>
        <accID>9999</accID>
        <accDesc>Saldo Winst &amp; Verlies</accDesc>
        <accTp>P</accTp>
      </ledgerAccount>
      <basics>
        <basic>
          <basicType>02</basicType>
          <basicID>00000</basicID>
          <basicDesc>algemeen</basicDesc>
        </basic>
        <basic>
          <basicType>04</basicType>
          <basicID>P0000</basicID>
          <basicDesc>wkr</basicDesc>
        </basic>
      </basics>
    </generalLedger>
    <vatCodes>
      <vatCode>
        <vatID>BV</vatID>
        <vatDesc>BTW verlegd</vatDesc>
        <vatToPayAccID>1516</vatToPayAccID>
      </vatCode>
      <vatCode>
        <vatID>VH</vatID>
        <vatDesc>BTW verhoop hoog</vatDesc>
        <vatToPayAccID>1531</vatToPayAccID>
      </vatCode>
    </vatCodes>
    <periods>
      <period>
        <periodNumber>0</periodNumber>
        <periodDesc>Openingsbalans 2016</periodDesc>
        <startDatePeriod>2016-01-01</startDatePeriod>
        <endDatePeriod>2016-01-01</endDatePeriod>
      </period>
      <period>
        <periodNumber>1</periodNumber>
        <periodDesc>januari 2016</periodDesc>
        <startDatePeriod>2016-01-01</startDatePeriod>
        <endDatePeriod>2016-01-31</endDatePeriod>
      </period>
      <period>
        <periodNumber>2</periodNumber>
        <periodDesc>februari 2016</periodDesc>
        <startDatePeriod>2016-02-01</startDatePeriod>
        <endDatePeriod>2016-02-29</endDatePeriod>
      </period>
      <period>
        <periodNumber>3</periodNumber>
        <periodDesc>maart 2016</periodDesc>
        <startDatePeriod>2016-03-01</startDatePeriod>
        <endDatePeriod>2016-03-31</endDatePeriod>
      </period>
      <period>
        <periodNumber>4</periodNumber>
        <periodDesc>april 2016</periodDesc>
        <startDatePeriod>2016-04-01</startDatePeriod>
        <endDatePeriod>2016-04-30</endDatePeriod>
      </period>
      <period>
        <periodNumber>5</periodNumber>
        <periodDesc>mei 2016</periodDesc>
        <startDatePeriod>2016-05-01</startDatePeriod>
        <endDatePeriod>2016-05-31</endDatePeriod>
      </period>
      <period>
        <periodNumber>6</periodNumber>
        <periodDesc>juni 2016</periodDesc>
        <startDatePeriod>2016-06-01</startDatePeriod>
        <endDatePeriod>2016-06-30</endDatePeriod>
      </period>
      <period>
        <periodNumber>7</periodNumber>
        <periodDesc>juli 2016</periodDesc>
        <startDatePeriod>2016-07-01</startDatePeriod>
        <endDatePeriod>2016-07-31</endDatePeriod>
      </period>
      <period>
        <periodNumber>8</periodNumber>
        <periodDesc>augustus 2016</periodDesc>
        <startDatePeriod>2016-08-01</startDatePeriod>
        <endDatePeriod>2016-08-31</endDatePeriod>
      </period>
      <period>
        <periodNumber>9</periodNumber>
        <periodDesc>september 2016</periodDesc>
        <startDatePeriod>2016-09-01</startDatePeriod>
        <endDatePeriod>2016-09-30</endDatePeriod>
      </period>
      <period>
        <periodNumber>10</periodNumber>
        <periodDesc>oktober 2016</periodDesc>
        <startDatePeriod>2016-10-01</startDatePeriod>
        <endDatePeriod>2016-10-31</endDatePeriod>
      </period>
      <period>
        <periodNumber>11</periodNumber>
        <periodDesc>november 2016</periodDesc>
        <startDatePeriod>2016-11-01</startDatePeriod>
        <endDatePeriod>2016-11-30</endDatePeriod>
      </period>
      <period>
        <periodNumber>12</periodNumber>
        <periodDesc>december 2016</periodDesc>
        <startDatePeriod>2016-12-01</startDatePeriod>
        <endDatePeriod>2016-12-31</endDatePeriod>
      </period>
      <period>
        <periodNumber>55</periodNumber>
        <periodDesc>Voorafgaande journaalposten 2016</periodDesc>
        <startDatePeriod>2016-12-31</startDatePeriod>
        <endDatePeriod>2016-12-31</endDatePeriod>
      </period>
    </periods>
    <transactions>
      <linesCount>181</linesCount>
      <totalDebit>2255799.42</totalDebit>
      <totalCredit>2255799.42</totalCredit>
      <journal>
        <jrnID>ACTIVA</jrnID>
        <desc>Activa</desc>
        <jrnTp>Z</jrnTp>
        <transaction>
          <nr>ACTIVA.7</nr>
          <periodNumber>1</periodNumber>
          <trDt>2015-11-15</trDt>
          <amnt>0.00</amnt>
          <amntTp>D</amntTp>
          <sourceID>NLG000965</sourceID>
          <trLine>
            <nr>ACTIVA.7.1</nr>
            <accID>4750</accID>
            <docRef>7</docRef>
            <effDate>2015-11-15</effDate>
            <desc>Proces: herberekening 2015/10-2020/09.</desc>
            <amnt>650.00</amnt>
            <amntTp>D</amntTp>
            <costID>00000</costID>
          </trLine>
          <trLine>
            <nr>ACTIVA.7.2</nr>
            <accID>0125</accID>
            <docRef>7</docRef>
            <effDate>2015-11-15</effDate>
            <desc>Proces: herberekening 2015/10-2020/09.</desc>
            <amnt>650.00</amnt>
            <amntTp>C</amntTp>
            <costID>00000</costID>
          </trLine>
        </transaction>
        <transaction>
          <nr>ACTIVA.8</nr>
          <periodNumber>2</periodNumber>
          <trDt>2015-11-15</trDt>
          <amnt>0.00</amnt>
          <amntTp>D</amntTp>
          <sourceID>NLG000965</sourceID>
          <trLine>
            <nr>ACTIVA.8.1</nr>
            <accID>4750</accID>
            <docRef>8</docRef>
            <effDate>2015-11-15</effDate>
            <desc>Proces: herberekening 2015/10-2020/09.</desc>
            <amnt>650.00</amnt>
            <amntTp>D</amntTp>
            <costID>00000</costID>
          </trLine>
          <trLine>
            <nr>ACTIVA.8.2</nr>
            <accID>0125</accID>
            <docRef>8</docRef>
            <effDate>2015-11-15</effDate>
            <desc>Proces: herberekening 2015/10-2020/09.</desc>
            <amnt>650.00</amnt>
            <amntTp>C</amntTp>
            <costID>00000</costID>
          </trLine>
        </transaction>
        <transaction>
          <nr>ACTIVA.9</nr>
          <periodNumber>3</periodNumber>
          <trDt>2015-11-15</trDt>
          <amnt>0.00</amnt>
          <amntTp>D</amntTp>
          <sourceID>NLG000965</sourceID>
          <trLine>
            <nr>ACTIVA.9.1</nr>
            <accID>4750</accID>
            <docRef>9</docRef>
            <effDate>2015-11-15</effDate>
            <desc>Proces: herberekening 2015/10-2020/09.</desc>
            <amnt>650.00</amnt>
            <amntTp>D</amntTp>
            <costID>00000</costID>
          </trLine>
          <trLine>
            <nr>ACTIVA.9.2</nr>
            <accID>0125</accID>
            <docRef>9</docRef>
            <effDate>2015-11-15</effDate>
            <desc>Proces: herberekening 2015/10-2020/09.</desc>
            <amnt>650.00</amnt>
            <amntTp>C</amntTp>
            <costID>00000</costID>
          </trLine>
        </transaction>
        <transaction>
          <nr>ACTIVA.10</nr>
          <periodNumber>4</periodNumber>
          <trDt>2015-11-15</trDt>
          <amnt>0.00</amnt>
          <amntTp>D</amntTp>
          <sourceID>NLG000965</sourceID>
          <trLine>
            <nr>ACTIVA.10.1</nr>
            <accID>4750</accID>
            <docRef>10</docRef>
            <effDate>2015-11-15</effDate>
            <desc>Proces: herberekening 2015/10-2020/09.</desc>
            <amnt>650.00</amnt>
            <amntTp>D</amntTp>
            <costID>00000</costID>
          </trLine>
          <trLine>
            <nr>ACTIVA.10.2</nr>
            <accID>0125</accID>
            <docRef>10</docRef>
            <effDate>2015-11-15</effDate>
            <desc>Proces: herberekening 2015/10-2020/09.</desc>
            <amnt>650.00</amnt>
            <amntTp>C</amntTp>
            <costID>00000</costID>
          </trLine>
        </transaction>
        <transaction>
          <nr>ACTIVA.11</nr>
          <periodNumber>5</periodNumber>
          <trDt>2015-11-15</trDt>
          <amnt>0.00</amnt>
          <amntTp>D</amntTp>
          <sourceID>NLG000965</sourceID>
          <trLine>
            <nr>ACTIVA.11.1</nr>
            <accID>4750</accID>
            <docRef>11</docRef>
            <effDate>2015-11-15</effDate>
            <desc>Proces: herberekening 2015/10-2020/09.</desc>
            <amnt>650.00</amnt>
            <amntTp>D</amntTp>
            <costID>00000</costID>
          </trLine>
          <trLine>
            <nr>ACTIVA.11.2</nr>
            <accID>0125</accID>
            <docRef>11</docRef>
            <effDate>2015-11-15</effDate>
            <desc>Proces: herberekening 2015/10-2020/09.</desc>
            <amnt>650.00</amnt>
            <amntTp>C</amntTp>
            <costID>00000</costID>
          </trLine>
        </transaction>
        <transaction>
          <nr>ACTIVA.12</nr>
          <periodNumber>6</periodNumber>
          <trDt>2015-11-15</trDt>
          <amnt>0.00</amnt>
          <amntTp>D</amntTp>
          <sourceID>NLG000965</sourceID>
          <trLine>
            <nr>ACTIVA.12.1</nr>
            <accID>4750</accID>
            <docRef>12</docRef>
            <effDate>2015-11-15</effDate>
            <desc>Proces: herberekening 2015/10-2020/09.</desc>
            <amnt>650.00</amnt>
            <amntTp>D</amntTp>
            <costID>00000</costID>
          </trLine>
          <trLine>
            <nr>ACTIVA.12.2</nr>
            <accID>0125</accID>
            <docRef>12</docRef>
            <effDate>2015-11-15</effDate>
            <desc>Proces: herberekening 2015/10-2020/09.</desc>
            <amnt>650.00</amnt>
            <amntTp>C</amntTp>
            <costID>00000</costID>
          </trLine>
        </transaction>
        <transaction>
          <nr>ACTIVA.13</nr>
          <periodNumber>7</periodNumber>
          <trDt>2015-11-15</trDt>
          <amnt>0.00</amnt>
          <amntTp>D</amntTp>
          <sourceID>NLG000965</sourceID>
          <trLine>
            <nr>ACTIVA.13.1</nr>
            <accID>4750</accID>
            <docRef>13</docRef>
            <effDate>2015-11-15</effDate>
            <desc>Proces: herberekening 2015/10-2020/09.</desc>
            <amnt>650.00</amnt>
            <amntTp>D</amntTp>
            <costID>00000</costID>
          </trLine>
          <trLine>
            <nr>ACTIVA.13.2</nr>
            <accID>0125</accID>
            <docRef>13</docRef>
            <effDate>2015-11-15</effDate>
            <desc>Proces: herberekening 2015/10-2020/09.</desc>
            <amnt>650.00</amnt>
            <amntTp>C</amntTp>
            <costID>00000</costID>
          </trLine>
        </transaction>
        <transaction>
          <nr>ACTIVA.14</nr>
          <periodNumber>8</periodNumber>
          <trDt>2015-11-15</trDt>
          <amnt>0.00</amnt>
          <amntTp>D</amntTp>
          <sourceID>NLG000965</sourceID>
          <trLine>
            <nr>ACTIVA.14.1</nr>
            <accID>4750</accID>
            <docRef>14</docRef>
            <effDate>2015-11-15</effDate>
            <desc>Proces: herberekening 2015/10-2020/09.</desc>
            <amnt>650.00</amnt>
            <amntTp>D</amntTp>
            <costID>00000</costID>
          </trLine>
          <trLine>
            <nr>ACTIVA.14.2</nr>
            <accID>0125</accID>
            <docRef>14</docRef>
            <effDate>2015-11-15</effDate>
            <desc>Proces: herberekening 2015/10-2020/09.</desc>
            <amnt>650.00</amnt>
            <amntTp>C</amntTp>
            <costID>00000</costID>
          </trLine>
        </transaction>
        <transaction>
          <nr>ACTIVA.15</nr>
          <periodNumber>9</periodNumber>
          <trDt>2015-11-15</trDt>
          <amnt>0.00</amnt>
          <amntTp>D</amntTp>
          <sourceID>NLG000965</sourceID>
          <trLine>
            <nr>ACTIVA.15.1</nr>
            <accID>4750</accID>
            <docRef>15</docRef>
            <effDate>2015-11-15</effDate>
            <desc>Proces: herberekening 2015/10-2020/09.</desc>
            <amnt>650.00</amnt>
            <amntTp>D</amntTp>
            <costID>00000</costID>
          </trLine>
          <trLine>
            <nr>ACTIVA.15.2</nr>
            <accID>0125</accID>
            <docRef>15</docRef>
            <effDate>2015-11-15</effDate>
            <desc>Proces: herberekening 2015/10-2020/09.</desc>
            <amnt>650.00</amnt>
            <amntTp>C</amntTp>
            <costID>00000</costID>
          </trLine>
        </transaction>
        <transaction>
          <nr>ACTIVA.16</nr>
          <periodNumber>10</periodNumber>
          <trDt>2015-11-15</trDt>
          <amnt>0.00</amnt>
          <amntTp>D</amntTp>
          <sourceID>NLG000965</sourceID>
          <trLine>
            <nr>ACTIVA.16.1</nr>
            <accID>4750</accID>
            <docRef>16</docRef>
            <effDate>2015-11-15</effDate>
            <desc>Proces: herberekening 2015/10-2020/09.</desc>
            <amnt>650.00</amnt>
            <amntTp>D</amntTp>
            <costID>00000</costID>
          </trLine>
          <trLine>
            <nr>ACTIVA.16.2</nr>
            <accID>0125</accID>
            <docRef>16</docRef>
            <effDate>2015-11-15</effDate>
            <desc>Proces: herberekening 2015/10-2020/09.</desc>
            <amnt>650.00</amnt>
            <amntTp>C</amntTp>
            <costID>00000</costID>
          </trLine>
        </transaction>
        <transaction>
          <nr>ACTIVA.17</nr>
          <periodNumber>11</periodNumber>
          <trDt>2015-11-15</trDt>
          <amnt>0.00</amnt>
          <amntTp>D</amntTp>
          <sourceID>NLG000965</sourceID>
          <trLine>
            <nr>ACTIVA.17.1</nr>
            <accID>4750</accID>
            <docRef>17</docRef>
            <effDate>2015-11-15</effDate>
            <desc>Proces: herberekening 2015/10-2020/09.</desc>
            <amnt>650.00</amnt>
            <amntTp>D</amntTp>
            <costID>00000</costID>
          </trLine>
          <trLine>
            <nr>ACTIVA.17.2</nr>
            <accID>0125</accID>
            <docRef>17</docRef>
            <effDate>2015-11-15</effDate>
            <desc>Proces: herberekening 2015/10-2020/09.</desc>
            <amnt>650.00</amnt>
            <amntTp>C</amntTp>
            <costID>00000</costID>
          </trLine>
        </transaction>
        <transaction>
          <nr>ACTIVA.18</nr>
          <periodNumber>12</periodNumber>
          <trDt>2015-11-15</trDt>
          <amnt>0.00</amnt>
          <amntTp>D</amntTp>
          <sourceID>NLG000965</sourceID>
          <trLine>
            <nr>ACTIVA.18.1</nr>
            <accID>4750</accID>
            <docRef>18</docRef>
            <effDate>2015-11-15</effDate>
            <desc>Proces: herberekening 2015/10-2020/09.</desc>
            <amnt>650.00</amnt>
            <amntTp>D</amntTp>
            <costID>00000</costID>
          </trLine>
          <trLine>
            <nr>ACTIVA.18.2</nr>
            <accID>0125</accID>
            <docRef>18</docRef>
            <effDate>2015-11-15</effDate>
            <desc>Proces: herberekening 2015/10-2020/09.</desc>
            <amnt>650.00</amnt>
            <amntTp>C</amntTp>
            <costID>00000</costID>
          </trLine>
        </transaction>
      </journal>
      <journal>
        <jrnID>BNK</jrnID>
        <desc>ABN-Amro</desc>
        <jrnTp>B</jrnTp>
        <offsetAccID>1015</offsetAccID>
        <bankAccNr>123456789</bankAccNr>
        <transaction>
          <nr>BNK.201600001</nr>
          <periodNumber>7</periodNumber>
          <trDt>2016-07-06</trDt>
          <amnt>0.00</amnt>
          <amntTp>D</amntTp>
          <sourceID>NLG000965</sourceID>
          <trLine>
            <nr>BNK.201600001.1</nr>
            <accID>1015</accID>
            <docRef>201600001</docRef>
            <effDate>2016-07-06</effDate>
            <amnt>2653.00</amnt>
            <amntTp>D</amntTp>
          </trLine>
          <trLine>
            <nr>BNK.201600001.2</nr>
            <accID>1300</accID>
            <docRef>201600001</docRef>
            <effDate>2016-07-06</effDate>
            <amnt>2653.00</amnt>
            <amntTp>C</amntTp>
            <custSupID>1000</custSupID>
          </trLine>
        </transaction>
        <transaction>
          <nr>BNK.201600002</nr>
          <periodNumber>11</periodNumber>
          <trDt>2016-12-05</trDt>
          <amnt>0.00</amnt>
          <amntTp>D</amntTp>
          <sourceID>NLG000965</sourceID>
          <trLine>
            <nr>BNK.201600002.1</nr>
            <accID>1015</accID>
            <docRef>201600002</docRef>
            <effDate>2016-11-30</effDate>
            <amnt>2300.00</amnt>
            <amntTp>C</amntTp>
          </trLine>
          <trLine>
            <nr>BNK.201600002.2</nr>
            <accID>2000</accID>
            <docRef>201600002</docRef>
            <effDate>2016-11-30</effDate>
            <amnt>2300.00</amnt>
            <amntTp>D</amntTp>
          </trLine>
        </transaction>
      </journal>
      <journal>
        <jrnID>INK</jrnID>
        <desc>Inkoopfactuur</desc>
        <jrnTp>P</jrnTp>
        <transaction>
          <nr>INK.201600001</nr>
          <periodNumber>3</periodNumber>
          <trDt>2016-03-31</trDt>
          <amnt>0.00</amnt>
          <amntTp>D</amntTp>
          <sourceID>NLG000965</sourceID>
          <trLine>
            <nr>INK.201600001.1</nr>
            <accID>1600</accID>
            <docRef>201600001</docRef>
            <effDate>2016-03-31</effDate>
            <amnt>20000.00</amnt>
            <amntTp>C</amntTp>
            <custSupID>2011</custSupID>
            <invRef>12345</invRef>
          </trLine>
          <trLine>
            <nr>INK.201600001.2</nr>
            <accID>4072</accID>
            <docRef>201600001</docRef>
            <effDate>2016-03-31</effDate>
            <amnt>20000.00</amnt>
            <amntTp>D</amntTp>
            <invRef>12345</invRef>
          </trLine>
        </transaction>
        <transaction>
          <nr>INK.201600002</nr>
          <periodNumber>4</periodNumber>
          <trDt>2016-05-24</trDt>
          <amnt>0.00</amnt>
          <amntTp>D</amntTp>
          <sourceID>NLG000965</sourceID>
          <trLine>
            <nr>INK.201600002.1</nr>
            <accID>1600</accID>
            <docRef>201600002</docRef>
            <effDate>2016-04-24</effDate>
            <desc>Bankstel Bora Bora</desc>
            <amnt>10000.00</amnt>
            <amntTp>C</amntTp>
            <custSupID>2004</custSupID>
            <invRef>12</invRef>
          </trLine>
          <trLine>
            <nr>INK.201600002.2</nr>
            <accID>1910</accID>
            <docRef>201600002</docRef>
            <effDate>2016-04-24</effDate>
            <desc>Bankstel Bora Bora</desc>
            <amnt>10000.00</amnt>
            <amntTp>D</amntTp>
            <invRef>12</invRef>
          </trLine>
        </transaction>
        <transaction>
          <nr>INK.201600003</nr>
          <periodNumber>5</periodNumber>
          <trDt>2016-06-16</trDt>
          <amnt>0.00</amnt>
          <amntTp>D</amntTp>
          <sourceID>NLG000965</sourceID>
          <trLine>
            <nr>INK.201600003.1</nr>
            <accID>1600</accID>
            <docRef>201600003</docRef>
            <effDate>2016-05-16</effDate>
            <desc>personeelsfeest</desc>
            <amnt>15000.00</amnt>
            <amntTp>C</amntTp>
            <custSupID>2021</custSupID>
            <invRef>1823_100</invRef>
          </trLine>
          <trLine>
            <nr>INK.201600003.2</nr>
            <accID>4320</accID>
            <docRef>201600003</docRef>
            <effDate>2016-05-16</effDate>
            <amnt>15000.00</amnt>
            <amntTp>D</amntTp>
            <invRef>1823_100</invRef>
          </trLine>
        </transaction>
        <transaction>
          <nr>INK.201600004</nr>
          <periodNumber>5</periodNumber>
          <trDt>2016-09-29</trDt>
          <amnt>0.00</amnt>
          <amntTp>D</amntTp>
          <sourceID>NLG000965</sourceID>
          <trLine>
            <nr>INK.201600004.1</nr>
            <accID>1600</accID>
            <docRef>201600004</docRef>
            <effDate>2016-05-29</effDate>
            <desc>Voorjaarsreis naar Ibiza</desc>
            <amnt>12000.00</amnt>
            <amntTp>C</amntTp>
            <custSupID>2002</custSupID>
            <invRef>1200234</invRef>
          </trLine>
          <trLine>
            <nr>INK.201600004.2</nr>
            <accID>5500</accID>
            <docRef>201600004</docRef>
            <effDate>2016-05-29</effDate>
            <desc>Voorjaarsreis naar Ibiza</desc>
            <amnt>12000.00</amnt>
            <amntTp>D</amntTp>
            <invRef>1200234</invRef>
          </trLine>
        </transaction>
        <transaction>
          <nr>INK.201600005</nr>
          <periodNumber>3</periodNumber>
          <trDt>2016-09-29</trDt>
          <amnt>0.00</amnt>
          <amntTp>D</amntTp>
          <sourceID>NLG000965</sourceID>
          <trLine>
            <nr>INK.201600005.1</nr>
            <accID>1600</accID>
            <docRef>201600005</docRef>
            <effDate>2016-03-29</effDate>
            <desc>Onderhoud koffiemachine</desc>
            <amnt>14000.00</amnt>
            <amntTp>C</amntTp>
            <custSupID>2034</custSupID>
          </trLine>
          <trLine>
            <nr>INK.201600005.2</nr>
            <accID>5550</accID>
            <docRef>201600005</docRef>
            <effDate>2016-03-29</effDate>
            <desc>Onderhoud koffiemachine</desc>
            <amnt>14000.00</amnt>
            <amntTp>D</amntTp>
          </trLine>
        </transaction>
        <transaction>
          <nr>INK.201600006</nr>
          <periodNumber>8</periodNumber>
          <trDt>2016-09-29</trDt>
          <amnt>0.00</amnt>
          <amntTp>D</amntTp>
          <sourceID>NLG000965</sourceID>
          <trLine>
            <nr>INK.201600006.1</nr>
            <accID>1600</accID>
            <docRef>201600006</docRef>
            <effDate>2016-08-29</effDate>
            <desc>Slagersfactuur zomerBBQ</desc>
            <amnt>3750.00</amnt>
            <amntTp>C</amntTp>
            <custSupID>2036</custSupID>
          </trLine>
          <trLine>
            <nr>INK.201600006.2</nr>
            <accID>5500</accID>
            <docRef>201600006</docRef>
            <effDate>2016-08-29</effDate>
            <desc>Diverse verlichting</desc>
            <amnt>3750.00</amnt>
            <amntTp>D</amntTp>
          </trLine>
        </transaction>
        <transaction>
          <nr>INK.201600007</nr>
          <periodNumber>9</periodNumber>
          <trDt>2016-09-29</trDt>
          <amnt>0.00</amnt>
          <amntTp>D</amntTp>
          <sourceID>NLG000965</sourceID>
          <trLine>
            <nr>INK.201600007.1</nr>
            <accID>1600</accID>
            <docRef>201600007</docRef>
            <effDate>2016-09-29</effDate>
            <desc>Eclectische fiets</desc>
            <amnt>1699.00</amnt>
            <amntTp>C</amntTp>
            <custSupID>2022</custSupID>
          </trLine>
          <trLine>
            <nr>INK.201600007.2</nr>
            <accID>5500</accID>
            <docRef>201600007</docRef>
            <effDate>2016-09-29</effDate>
            <desc>Eclectische fiets</desc>
            <amnt>1699.00</amnt>
            <amntTp>D</amntTp>
          </trLine>
        </transaction>
        <transaction>
          <nr>INK.201600008</nr>
          <periodNumber>10</periodNumber>
          <trDt>2016-11-07</trDt>
          <amnt>0.00</amnt>
          <amntTp>D</amntTp>
          <sourceID>NLG000965</sourceID>
          <trLine>
            <nr>INK.201600008.1</nr>
            <accID>1600</accID>
            <docRef>201600008</docRef>
            <effDate>2016-10-07</effDate>
            <amnt>15000.00</amnt>
            <amntTp>C</amntTp>
            <custSupID>2003</custSupID>
            <invRef>9866-01</invRef>
          </trLine>
          <trLine>
            <nr>INK.201600008.2</nr>
            <accID>4330</accID>
            <docRef>201600008</docRef>
            <effDate>2016-10-07</effDate>
            <amnt>15000.00</amnt>
            <amntTp>D</amntTp>
            <invRef>9866-01</invRef>
          </trLine>
        </transaction>
        <transaction>
          <nr>INK.201600009</nr>
          <periodNumber>11</periodNumber>
          <trDt>2016-12-07</trDt>
          <amnt>0.00</amnt>
          <amntTp>D</amntTp>
          <sourceID>NLG000965</sourceID>
          <trLine>
            <nr>INK.201600009.1</nr>
            <accID>1600</accID>
            <docRef>201600009</docRef>
            <effDate>2016-11-30</effDate>
            <amnt>1000.00</amnt>
            <amntTp>C</amntTp>
            <custSupID>2003</custSupID>
          </trLine>
          <trLine>
            <nr>INK.201600009.2</nr>
            <accID>4092</accID>
            <docRef>201600009</docRef>
            <effDate>2016-11-30</effDate>
            <desc>wkr test met projectcode</desc>
            <amnt>1000.00</amnt>
            <amntTp>D</amntTp>
            <costID>00000</costID>
            <projID>P0000</projID>
          </trLine>
        </transaction>
        <transaction>
          <nr>INK.201600010</nr>
          <periodNumber>11</periodNumber>
          <trDt>2016-12-08</trDt>
          <amnt>0.00</amnt>
          <amntTp>D</amntTp>
          <sourceID>NLG000965</sourceID>
          <trLine>
            <nr>INK.201600010.1</nr>
            <accID>1600</accID>
            <docRef>201600010</docRef>
            <effDate>2016-11-07</effDate>
            <desc>Dag van Succes</desc>
            <amnt>20000.00</amnt>
            <amntTp>C</amntTp>
            <custSupID>2028</custSupID>
          </trLine>
          <trLine>
            <nr>INK.201600010.2</nr>
            <accID>4320</accID>
            <docRef>201600010</docRef>
            <effDate>2016-11-07</effDate>
            <amnt>20000.00</amnt>
            <amntTp>D</amntTp>
          </trLine>
        </transaction>
        <transaction>
          <nr>INK.201600011</nr>
          <periodNumber>11</periodNumber>
          <trDt>2016-12-17</trDt>
          <amnt>0.00</amnt>
          <amntTp>D</amntTp>
          <sourceID>NLG000965</sourceID>
          <trLine>
            <nr>INK.201600011.1</nr>
            <accID>1600</accID>
            <docRef>201600011</docRef>
            <effDate>2016-11-17</effDate>
            <desc>Maandelijkse termijn</desc>
            <amnt>1800.00</amnt>
            <amntTp>C</amntTp>
            <custSupID>2023</custSupID>
          </trLine>
          <trLine>
            <nr>INK.201600011.2</nr>
            <accID>4705</accID>
            <docRef>201600011</docRef>
            <effDate>2016-11-17</effDate>
            <amnt>1000.00</amnt>
            <amntTp>D</amntTp>
          </trLine>
          <trLine>
            <nr>INK.201600011.3</nr>
            <accID>5500</accID>
            <docRef>201600011</docRef>
            <effDate>2016-11-17</effDate>
            <amnt>800.00</amnt>
            <amntTp>D</amntTp>
          </trLine>
        </transaction>
        <transaction>
          <nr>INK.201600012</nr>
          <periodNumber>11</periodNumber>
          <trDt>2016-12-17</trDt>
          <amnt>0.00</amnt>
          <amntTp>D</amntTp>
          <sourceID>NLG000965</sourceID>
          <trLine>
            <nr>INK.201600012.1</nr>
            <accID>1600</accID>
            <docRef>201600012</docRef>
            <effDate>2016-11-17</effDate>
            <desc>Onderhoud koffiemachine</desc>
            <amnt>1000.00</amnt>
            <amntTp>C</amntTp>
            <custSupID>2034</custSupID>
          </trLine>
          <trLine>
            <nr>INK.201600012.2</nr>
            <accID>4074</accID>
            <docRef>201600012</docRef>
            <effDate>2016-11-17</effDate>
            <desc>Onderhoud koffiemachine</desc>
            <amnt>1000.00</amnt>
            <amntTp>D</amntTp>
          </trLine>
        </transaction>
      </journal>
      <journal>
        <jrnID>JAAREIND-BAL</jrnID>
        <desc>Jaarafsluiting</desc>
        <jrnTp>O</jrnTp>
        <transaction>
          <nr>JAAREIND-BAL.36</nr>
          <desc>Jaarafsluiting 2015</desc>
          <periodNumber>0</periodNumber>
          <trDt>2016-07-05</trDt>
          <amnt>0.00</amnt>
          <amntTp>D</amntTp>
          <sourceID>NLG000965</sourceID>
          <trLine>
            <nr>JAAREIND-BAL.36.1</nr>
            <accID>0089</accID>
            <docRef>36</docRef>
            <effDate>2016-01-01</effDate>
            <desc>Jaarafsluiting 2015</desc>
            <amnt>42594.00</amnt>
            <amntTp>D</amntTp>
            <invRef>0</invRef>
          </trLine>
          <trLine>
            <nr>JAAREIND-BAL.36.2</nr>
            <accID>0089</accID>
            <docRef>36</docRef>
            <effDate>2016-01-01</effDate>
            <desc>Jaarafsluiting 2015</desc>
            <amnt>944249.05</amnt>
            <amntTp>C</amntTp>
            <invRef>0</invRef>
          </trLine>
          <trLine>
            <nr>JAAREIND-BAL.36.3</nr>
            <accID>0120</accID>
            <docRef>36</docRef>
            <effDate>2016-01-01</effDate>
            <desc>Jaarafsluiting 2015</desc>
            <amnt>40000.00</amnt>
            <amntTp>D</amntTp>
            <invRef>0</invRef>
            <costID>00000</costID>
          </trLine>
          <trLine>
            <nr>JAAREIND-BAL.36.4</nr>
            <accID>0120</accID>
            <docRef>36</docRef>
            <effDate>2016-01-01</effDate>
            <desc>Jaarafsluiting 2015</desc>
            <amnt>15000.00</amnt>
            <amntTp>D</amntTp>
            <invRef>0</invRef>
            <costID>00000</costID>
          </trLine>
          <trLine>
            <nr>JAAREIND-BAL.36.5</nr>
            <accID>0120</accID>
            <docRef>36</docRef>
            <effDate>2016-01-01</effDate>
            <desc>Jaarafsluiting 2015</desc>
            <amnt>15000.00</amnt>
            <amntTp>D</amntTp>
            <invRef>0</invRef>
            <costID>00000</costID>
          </trLine>
          <trLine>
            <nr>JAAREIND-BAL.36.6</nr>
            <accID>0120</accID>
            <docRef>36</docRef>
            <effDate>2016-01-01</effDate>
            <desc>Jaarafsluiting 2015</desc>
            <amnt>16000.00</amnt>
            <amntTp>D</amntTp>
            <invRef>0</invRef>
            <costID>00000</costID>
          </trLine>
          <trLine>
            <nr>JAAREIND-BAL.36.7</nr>
            <accID>0125</accID>
            <docRef>36</docRef>
            <effDate>2016-01-01</effDate>
            <desc>Jaarafsluiting 2015</desc>
            <amnt>1950.00</amnt>
            <amntTp>C</amntTp>
            <invRef>0</invRef>
            <costID>00000</costID>
          </trLine>
          <trLine>
            <nr>JAAREIND-BAL.36.8</nr>
            <accID>0125</accID>
            <docRef>36</docRef>
            <effDate>2016-01-01</effDate>
            <desc>Jaarafsluiting 2015</desc>
            <amnt>1000.00</amnt>
            <amntTp>D</amntTp>
            <invRef>0</invRef>
            <costID>00000</costID>
          </trLine>
          <trLine>
            <nr>JAAREIND-BAL.36.9</nr>
            <accID>0140</accID>
            <docRef>36</docRef>
            <effDate>2016-01-01</effDate>
            <desc>Jaarafsluiting 2015</desc>
            <amnt>138864.70</amnt>
            <amntTp>D</amntTp>
            <invRef>0</invRef>
          </trLine>
          <trLine>
            <nr>JAAREIND-BAL.36.10</nr>
            <accID>0150</accID>
            <docRef>36</docRef>
            <effDate>2016-01-01</effDate>
            <desc>Jaarafsluiting 2015</desc>
            <amnt>65339.29</amnt>
            <amntTp>D</amntTp>
            <invRef>0</invRef>
          </trLine>
          <trLine>
            <nr>JAAREIND-BAL.36.11</nr>
            <accID>0160</accID>
            <docRef>36</docRef>
            <effDate>2016-01-01</effDate>
            <desc>Jaarafsluiting 2015</desc>
            <amnt>12150.00</amnt>
            <amntTp>D</amntTp>
            <invRef>0</invRef>
          </trLine>
          <trLine>
            <nr>JAAREIND-BAL.36.12</nr>
            <accID>0800</accID>
            <docRef>36</docRef>
            <effDate>2016-01-01</effDate>
            <desc>Jaarafsluiting 2015</desc>
            <amnt>96000.00</amnt>
            <amntTp>C</amntTp>
            <invRef>0</invRef>
          </trLine>
          <trLine>
            <nr>JAAREIND-BAL.36.13</nr>
            <accID>1000</accID>
            <docRef>36</docRef>
            <effDate>2016-01-01</effDate>
            <desc>Jaarafsluiting 2015</desc>
            <amnt>2306.94</amnt>
            <amntTp>C</amntTp>
            <invRef>0</invRef>
          </trLine>
          <trLine>
            <nr>JAAREIND-BAL.36.14</nr>
            <accID>1011</accID>
            <docRef>36</docRef>
            <effDate>2016-01-01</effDate>
            <desc>Jaarafsluiting 2015</desc>
            <amnt>7784.96</amnt>
            <amntTp>D</amntTp>
            <invRef>0</invRef>
          </trLine>
          <trLine>
            <nr>JAAREIND-BAL.36.15</nr>
            <accID>1015</accID>
            <docRef>36</docRef>
            <effDate>2016-01-01</effDate>
            <desc>Jaarafsluiting 2015</desc>
            <amnt>607128.37</amnt>
            <amntTp>D</amntTp>
            <invRef>0</invRef>
          </trLine>
          <trLine>
            <nr>JAAREIND-BAL.36.16</nr>
            <accID>1300</accID>
            <docRef>36</docRef>
            <effDate>2016-01-01</effDate>
            <desc>Jaarafsluiting 2015</desc>
            <amnt>21663.00</amnt>
            <amntTp>D</amntTp>
            <custSupID>1000</custSupID>
            <invRef>0</invRef>
          </trLine>
          <trLine>
            <nr>JAAREIND-BAL.36.17</nr>
            <accID>1300</accID>
            <docRef>36</docRef>
            <effDate>2016-01-01</effDate>
            <desc>Jaarafsluiting 2015</desc>
            <amnt>55880.00</amnt>
            <amntTp>D</amntTp>
            <custSupID>1001</custSupID>
            <invRef>0</invRef>
          </trLine>
          <trLine>
            <nr>JAAREIND-BAL.36.18</nr>
            <accID>1300</accID>
            <docRef>36</docRef>
            <effDate>2016-01-01</effDate>
            <desc>Jaarafsluiting 2015</desc>
            <amnt>76778.15</amnt>
            <amntTp>D</amntTp>
            <custSupID>1002</custSupID>
            <invRef>0</invRef>
          </trLine>
          <trLine>
            <nr>JAAREIND-BAL.36.19</nr>
            <accID>1300</accID>
            <docRef>36</docRef>
            <effDate>2016-01-01</effDate>
            <desc>Jaarafsluiting 2015</desc>
            <amnt>44550.00</amnt>
            <amntTp>D</amntTp>
            <custSupID>1003</custSupID>
            <invRef>0</invRef>
          </trLine>
          <trLine>
            <nr>JAAREIND-BAL.36.20</nr>
            <accID>1300</accID>
            <docRef>36</docRef>
            <effDate>2016-01-01</effDate>
            <desc>Jaarafsluiting 2015</desc>
            <amnt>57229.00</amnt>
            <amntTp>D</amntTp>
            <custSupID>1005</custSupID>
            <invRef>0</invRef>
          </trLine>
          <trLine>
            <nr>JAAREIND-BAL.36.21</nr>
            <accID>1300</accID>
            <docRef>36</docRef>
            <effDate>2016-01-01</effDate>
            <desc>Jaarafsluiting 2015</desc>
            <amnt>49546.00</amnt>
            <amntTp>D</amntTp>
            <custSupID>1006</custSupID>
            <invRef>0</invRef>
          </trLine>
          <trLine>
            <nr>JAAREIND-BAL.36.22</nr>
            <accID>1300</accID>
            <docRef>36</docRef>
            <effDate>2016-01-01</effDate>
            <desc>Jaarafsluiting 2015</desc>
            <amnt>52140.00</amnt>
            <amntTp>D</amntTp>
            <custSupID>1007</custSupID>
            <invRef>0</invRef>
          </trLine>
          <trLine>
            <nr>JAAREIND-BAL.36.23</nr>
            <accID>1300</accID>
            <docRef>36</docRef>
            <effDate>2016-01-01</effDate>
            <desc>Jaarafsluiting 2015</desc>
            <amnt>54393.00</amnt>
            <amntTp>D</amntTp>
            <custSupID>1008</custSupID>
            <invRef>0</invRef>
          </trLine>
          <trLine>
            <nr>JAAREIND-BAL.36.24</nr>
            <accID>1300</accID>
            <docRef>36</docRef>
            <effDate>2016-01-01</effDate>
            <desc>Jaarafsluiting 2015</desc>
            <amnt>50002.00</amnt>
            <amntTp>D</amntTp>
            <custSupID>1009</custSupID>
            <invRef>0</invRef>
          </trLine>
          <trLine>
            <nr>JAAREIND-BAL.36.25</nr>
            <accID>1300</accID>
            <docRef>36</docRef>
            <effDate>2016-01-01</effDate>
            <desc>Jaarafsluiting 2015</desc>
            <amnt>46077.00</amnt>
            <amntTp>D</amntTp>
            <custSupID>1010</custSupID>
            <invRef>0</invRef>
          </trLine>
          <trLine>
            <nr>JAAREIND-BAL.36.26</nr>
            <accID>1300</accID>
            <docRef>36</docRef>
            <effDate>2016-01-01</effDate>
            <desc>Jaarafsluiting 2015</desc>
            <amnt>67906.00</amnt>
            <amntTp>D</amntTp>
            <custSupID>1011</custSupID>
            <invRef>0</invRef>
          </trLine>
          <trLine>
            <nr>JAAREIND-BAL.36.27</nr>
            <accID>1300</accID>
            <docRef>36</docRef>
            <effDate>2016-01-01</effDate>
            <desc>Jaarafsluiting 2015</desc>
            <amnt>26179.00</amnt>
            <amntTp>D</amntTp>
            <custSupID>1012</custSupID>
            <invRef>0</invRef>
          </trLine>
          <trLine>
            <nr>JAAREIND-BAL.36.28</nr>
            <accID>1300</accID>
            <docRef>36</docRef>
            <effDate>2016-01-01</effDate>
            <desc>Jaarafsluiting 2015</desc>
            <amnt>111858.30</amnt>
            <amntTp>D</amntTp>
            <custSupID>1013</custSupID>
            <invRef>0</invRef>
          </trLine>
          <trLine>
            <nr>JAAREIND-BAL.36.29</nr>
            <accID>1300</accID>
            <docRef>36</docRef>
            <effDate>2016-01-01</effDate>
            <desc>Jaarafsluiting 2015</desc>
            <amnt>35083.75</amnt>
            <amntTp>D</amntTp>
            <custSupID>1014</custSupID>
            <invRef>0</invRef>
          </trLine>
          <trLine>
            <nr>JAAREIND-BAL.36.30</nr>
            <accID>1300</accID>
            <docRef>36</docRef>
            <effDate>2016-01-01</effDate>
            <desc>Jaarafsluiting 2015</desc>
            <amnt>40895.00</amnt>
            <amntTp>D</amntTp>
            <custSupID>1015</custSupID>
            <invRef>0</invRef>
          </trLine>
          <trLine>
            <nr>JAAREIND-BAL.36.31</nr>
            <accID>1300</accID>
            <docRef>36</docRef>
            <effDate>2016-01-01</effDate>
            <desc>Jaarafsluiting 2015</desc>
            <amnt>19108.00</amnt>
            <amntTp>D</amntTp>
            <custSupID>1016</custSupID>
            <invRef>0</invRef>
          </trLine>
          <trLine>
            <nr>JAAREIND-BAL.36.32</nr>
            <accID>1300</accID>
            <docRef>36</docRef>
            <effDate>2016-01-01</effDate>
            <desc>Jaarafsluiting 2015</desc>
            <amnt>28099.00</amnt>
            <amntTp>D</amntTp>
            <custSupID>1017</custSupID>
            <invRef>0</invRef>
          </trLine>
          <trLine>
            <nr>JAAREIND-BAL.36.33</nr>
            <accID>1300</accID>
            <docRef>36</docRef>
            <effDate>2016-01-01</effDate>
            <desc>Jaarafsluiting 2015</desc>
            <amnt>6546.10</amnt>
            <amntTp>D</amntTp>
            <custSupID>1018</custSupID>
            <invRef>0</invRef>
          </trLine>
          <trLine>
            <nr>JAAREIND-BAL.36.34</nr>
            <accID>1300</accID>
            <docRef>36</docRef>
            <effDate>2016-01-01</effDate>
            <desc>Jaarafsluiting 2015</desc>
            <amnt>14364.00</amnt>
            <amntTp>D</amntTp>
            <custSupID>1020</custSupID>
            <invRef>0</invRef>
          </trLine>
          <trLine>
            <nr>JAAREIND-BAL.36.35</nr>
            <accID>1300</accID>
            <docRef>36</docRef>
            <effDate>2016-01-01</effDate>
            <desc>Jaarafsluiting 2015</desc>
            <amnt>395.00</amnt>
            <amntTp>C</amntTp>
            <custSupID>1021</custSupID>
            <invRef>0</invRef>
          </trLine>
          <trLine>
            <nr>JAAREIND-BAL.36.36</nr>
            <accID>1300</accID>
            <docRef>36</docRef>
            <effDate>2016-01-01</effDate>
            <desc>Jaarafsluiting 2015</desc>
            <amnt>15524.00</amnt>
            <amntTp>D</amntTp>
            <custSupID>1022</custSupID>
            <invRef>0</invRef>
          </trLine>
          <trLine>
            <nr>JAAREIND-BAL.36.37</nr>
            <accID>1300</accID>
            <docRef>36</docRef>
            <effDate>2016-01-01</effDate>
            <desc>Jaarafsluiting 2015</desc>
            <amnt>11657.29</amnt>
            <amntTp>D</amntTp>
            <custSupID>1025</custSupID>
            <invRef>0</invRef>
          </trLine>
          <trLine>
            <nr>JAAREIND-BAL.36.38</nr>
            <accID>1300</accID>
            <docRef>36</docRef>
            <effDate>2016-01-01</effDate>
            <desc>Jaarafsluiting 2015</desc>
            <amnt>5000.00</amnt>
            <amntTp>C</amntTp>
            <custSupID>1026</custSupID>
            <invRef>0</invRef>
          </trLine>
          <trLine>
            <nr>JAAREIND-BAL.36.39</nr>
            <accID>1500</accID>
            <docRef>36</docRef>
            <effDate>2016-01-01</effDate>
            <desc>Jaarafsluiting 2015</desc>
            <amnt>11.01</amnt>
            <amntTp>D</amntTp>
            <invRef>0</invRef>
          </trLine>
          <trLine>
            <nr>JAAREIND-BAL.36.40</nr>
            <accID>1510</accID>
            <docRef>36</docRef>
            <effDate>2016-01-01</effDate>
            <desc>Jaarafsluiting 2015</desc>
            <amnt>85812.38</amnt>
            <amntTp>D</amntTp>
            <invRef>0</invRef>
          </trLine>
          <trLine>
            <nr>JAAREIND-BAL.36.41</nr>
            <accID>1511</accID>
            <docRef>36</docRef>
            <effDate>2016-01-01</effDate>
            <desc>Jaarafsluiting 2015</desc>
            <amnt>86700.12</amnt>
            <amntTp>D</amntTp>
            <invRef>0</invRef>
          </trLine>
          <trLine>
            <nr>JAAREIND-BAL.36.42</nr>
            <accID>1520</accID>
            <docRef>36</docRef>
            <effDate>2016-01-01</effDate>
            <desc>Jaarafsluiting 2015</desc>
            <amnt>11.28</amnt>
            <amntTp>C</amntTp>
            <invRef>0</invRef>
          </trLine>
          <trLine>
            <nr>JAAREIND-BAL.36.43</nr>
            <accID>1530</accID>
            <docRef>36</docRef>
            <effDate>2016-01-01</effDate>
            <desc>Jaarafsluiting 2015</desc>
            <amnt>146896.64</amnt>
            <amntTp>C</amntTp>
            <invRef>0</invRef>
          </trLine>
          <trLine>
            <nr>JAAREIND-BAL.36.44</nr>
            <accID>1531</accID>
            <docRef>36</docRef>
            <effDate>2016-01-01</effDate>
            <desc>Jaarafsluiting 2015</desc>
            <amnt>192604.13</amnt>
            <amntTp>C</amntTp>
            <invRef>0</invRef>
          </trLine>
          <trLine>
            <nr>JAAREIND-BAL.36.45</nr>
            <accID>1600</accID>
            <docRef>36</docRef>
            <effDate>2016-01-01</effDate>
            <desc>Jaarafsluiting 2015</desc>
            <amnt>23176.19</amnt>
            <amntTp>C</amntTp>
            <custSupID>2000</custSupID>
            <invRef>0</invRef>
          </trLine>
          <trLine>
            <nr>JAAREIND-BAL.36.46</nr>
            <accID>1600</accID>
            <docRef>36</docRef>
            <effDate>2016-01-01</effDate>
            <desc>Jaarafsluiting 2015</desc>
            <amnt>11221.88</amnt>
            <amntTp>C</amntTp>
            <custSupID>2001</custSupID>
            <invRef>0</invRef>
          </trLine>
          <trLine>
            <nr>JAAREIND-BAL.36.47</nr>
            <accID>1600</accID>
            <docRef>36</docRef>
            <effDate>2016-01-01</effDate>
            <desc>Jaarafsluiting 2015</desc>
            <amnt>30410.71</amnt>
            <amntTp>C</amntTp>
            <custSupID>2002</custSupID>
            <invRef>0</invRef>
          </trLine>
          <trLine>
            <nr>JAAREIND-BAL.36.48</nr>
            <accID>1600</accID>
            <docRef>36</docRef>
            <effDate>2016-01-01</effDate>
            <desc>Jaarafsluiting 2015</desc>
            <amnt>45992.64</amnt>
            <amntTp>C</amntTp>
            <custSupID>2003</custSupID>
            <invRef>0</invRef>
          </trLine>
          <trLine>
            <nr>JAAREIND-BAL.36.49</nr>
            <accID>1600</accID>
            <docRef>36</docRef>
            <effDate>2016-01-01</effDate>
            <desc>Jaarafsluiting 2015</desc>
            <amnt>48291.41</amnt>
            <amntTp>C</amntTp>
            <custSupID>2004</custSupID>
            <invRef>0</invRef>
          </trLine>
          <trLine>
            <nr>JAAREIND-BAL.36.50</nr>
            <accID>1600</accID>
            <docRef>36</docRef>
            <effDate>2016-01-01</effDate>
            <desc>Jaarafsluiting 2015</desc>
            <amnt>153730.79</amnt>
            <amntTp>C</amntTp>
            <custSupID>2005</custSupID>
            <invRef>0</invRef>
          </trLine>
          <trLine>
            <nr>JAAREIND-BAL.36.51</nr>
            <accID>1600</accID>
            <docRef>36</docRef>
            <effDate>2016-01-01</effDate>
            <desc>Jaarafsluiting 2015</desc>
            <amnt>41035.38</amnt>
            <amntTp>C</amntTp>
            <custSupID>2006</custSupID>
            <invRef>0</invRef>
          </trLine>
          <trLine>
            <nr>JAAREIND-BAL.36.52</nr>
            <accID>1600</accID>
            <docRef>36</docRef>
            <effDate>2016-01-01</effDate>
            <desc>Jaarafsluiting 2015</desc>
            <amnt>37941.18</amnt>
            <amntTp>C</amntTp>
            <custSupID>2007</custSupID>
            <invRef>0</invRef>
          </trLine>
          <trLine>
            <nr>JAAREIND-BAL.36.53</nr>
            <accID>1600</accID>
            <docRef>36</docRef>
            <effDate>2016-01-01</effDate>
            <desc>Jaarafsluiting 2015</desc>
            <amnt>9664.74</amnt>
            <amntTp>C</amntTp>
            <custSupID>2008</custSupID>
            <invRef>0</invRef>
          </trLine>
          <trLine>
            <nr>JAAREIND-BAL.36.54</nr>
            <accID>1600</accID>
            <docRef>36</docRef>
            <effDate>2016-01-01</effDate>
            <desc>Jaarafsluiting 2015</desc>
            <amnt>8647.08</amnt>
            <amntTp>C</amntTp>
            <custSupID>2009</custSupID>
            <invRef>0</invRef>
          </trLine>
          <trLine>
            <nr>JAAREIND-BAL.36.55</nr>
            <accID>1600</accID>
            <docRef>36</docRef>
            <effDate>2016-01-01</effDate>
            <desc>Jaarafsluiting 2015</desc>
            <amnt>12477.58</amnt>
            <amntTp>C</amntTp>
            <custSupID>2010</custSupID>
            <invRef>0</invRef>
          </trLine>
          <trLine>
            <nr>JAAREIND-BAL.36.56</nr>
            <accID>1600</accID>
            <docRef>36</docRef>
            <effDate>2016-01-01</effDate>
            <desc>Jaarafsluiting 2015</desc>
            <amnt>9595.52</amnt>
            <amntTp>C</amntTp>
            <custSupID>2011</custSupID>
            <invRef>0</invRef>
          </trLine>
          <trLine>
            <nr>JAAREIND-BAL.36.57</nr>
            <accID>1600</accID>
            <docRef>36</docRef>
            <effDate>2016-01-01</effDate>
            <desc>Jaarafsluiting 2015</desc>
            <amnt>18766.14</amnt>
            <amntTp>C</amntTp>
            <custSupID>2012</custSupID>
            <invRef>0</invRef>
          </trLine>
          <trLine>
            <nr>JAAREIND-BAL.36.58</nr>
            <accID>1600</accID>
            <docRef>36</docRef>
            <effDate>2016-01-01</effDate>
            <desc>Jaarafsluiting 2015</desc>
            <amnt>13798.85</amnt>
            <amntTp>C</amntTp>
            <custSupID>2013</custSupID>
            <invRef>0</invRef>
          </trLine>
          <trLine>
            <nr>JAAREIND-BAL.36.59</nr>
            <accID>1600</accID>
            <docRef>36</docRef>
            <effDate>2016-01-01</effDate>
            <desc>Jaarafsluiting 2015</desc>
            <amnt>34395.76</amnt>
            <amntTp>C</amntTp>
            <custSupID>2014</custSupID>
            <invRef>0</invRef>
          </trLine>
          <trLine>
            <nr>JAAREIND-BAL.36.60</nr>
            <accID>1600</accID>
            <docRef>36</docRef>
            <effDate>2016-01-01</effDate>
            <desc>Jaarafsluiting 2015</desc>
            <amnt>4008.13</amnt>
            <amntTp>C</amntTp>
            <custSupID>2015</custSupID>
            <invRef>0</invRef>
          </trLine>
          <trLine>
            <nr>JAAREIND-BAL.36.61</nr>
            <accID>1600</accID>
            <docRef>36</docRef>
            <effDate>2016-01-01</effDate>
            <desc>Jaarafsluiting 2015</desc>
            <amnt>18086.37</amnt>
            <amntTp>C</amntTp>
            <custSupID>2016</custSupID>
            <invRef>0</invRef>
          </trLine>
          <trLine>
            <nr>JAAREIND-BAL.36.62</nr>
            <accID>1600</accID>
            <docRef>36</docRef>
            <effDate>2016-01-01</effDate>
            <desc>Jaarafsluiting 2015</desc>
            <amnt>256.55</amnt>
            <amntTp>C</amntTp>
            <custSupID>2017</custSupID>
            <invRef>0</invRef>
          </trLine>
          <trLine>
            <nr>JAAREIND-BAL.36.63</nr>
            <accID>1600</accID>
            <docRef>36</docRef>
            <effDate>2016-01-01</effDate>
            <desc>Jaarafsluiting 2015</desc>
            <amnt>6075.27</amnt>
            <amntTp>C</amntTp>
            <custSupID>2018</custSupID>
            <invRef>0</invRef>
          </trLine>
          <trLine>
            <nr>JAAREIND-BAL.36.64</nr>
            <accID>1600</accID>
            <docRef>36</docRef>
            <effDate>2016-01-01</effDate>
            <desc>Jaarafsluiting 2015</desc>
            <amnt>11424.60</amnt>
            <amntTp>C</amntTp>
            <custSupID>2019</custSupID>
            <invRef>0</invRef>
          </trLine>
          <trLine>
            <nr>JAAREIND-BAL.36.65</nr>
            <accID>1600</accID>
            <docRef>36</docRef>
            <effDate>2016-01-01</effDate>
            <desc>Jaarafsluiting 2015</desc>
            <amnt>12255.87</amnt>
            <amntTp>C</amntTp>
            <custSupID>2020</custSupID>
            <invRef>0</invRef>
          </trLine>
          <trLine>
            <nr>JAAREIND-BAL.36.66</nr>
            <accID>1600</accID>
            <docRef>36</docRef>
            <effDate>2016-01-01</effDate>
            <desc>Jaarafsluiting 2015</desc>
            <amnt>4941.07</amnt>
            <amntTp>C</amntTp>
            <custSupID>2021</custSupID>
            <invRef>0</invRef>
          </trLine>
          <trLine>
            <nr>JAAREIND-BAL.36.67</nr>
            <accID>1600</accID>
            <docRef>36</docRef>
            <effDate>2016-01-01</effDate>
            <desc>Jaarafsluiting 2015</desc>
            <amnt>18871.43</amnt>
            <amntTp>C</amntTp>
            <custSupID>2022</custSupID>
            <invRef>0</invRef>
          </trLine>
          <trLine>
            <nr>JAAREIND-BAL.36.68</nr>
            <accID>1600</accID>
            <docRef>36</docRef>
            <effDate>2016-01-01</effDate>
            <desc>Jaarafsluiting 2015</desc>
            <amnt>8762.09</amnt>
            <amntTp>C</amntTp>
            <custSupID>2023</custSupID>
            <invRef>0</invRef>
          </trLine>
          <trLine>
            <nr>JAAREIND-BAL.36.69</nr>
            <accID>1600</accID>
            <docRef>36</docRef>
            <effDate>2016-01-01</effDate>
            <desc>Jaarafsluiting 2015</desc>
            <amnt>931.34</amnt>
            <amntTp>C</amntTp>
            <custSupID>2024</custSupID>
            <invRef>0</invRef>
          </trLine>
          <trLine>
            <nr>JAAREIND-BAL.36.70</nr>
            <accID>1600</accID>
            <docRef>36</docRef>
            <effDate>2016-01-01</effDate>
            <desc>Jaarafsluiting 2015</desc>
            <amnt>1219.15</amnt>
            <amntTp>C</amntTp>
            <custSupID>2025</custSupID>
            <invRef>0</invRef>
          </trLine>
          <trLine>
            <nr>JAAREIND-BAL.36.71</nr>
            <accID>1600</accID>
            <docRef>36</docRef>
            <effDate>2016-01-01</effDate>
            <desc>Jaarafsluiting 2015</desc>
            <amnt>8028.71</amnt>
            <amntTp>C</amntTp>
            <custSupID>2026</custSupID>
            <invRef>0</invRef>
          </trLine>
          <trLine>
            <nr>JAAREIND-BAL.36.72</nr>
            <accID>1600</accID>
            <docRef>36</docRef>
            <effDate>2016-01-01</effDate>
            <desc>Jaarafsluiting 2015</desc>
            <amnt>1452.00</amnt>
            <amntTp>C</amntTp>
            <custSupID>2027</custSupID>
            <invRef>0</invRef>
          </trLine>
          <trLine>
            <nr>JAAREIND-BAL.36.73</nr>
            <accID>1600</accID>
            <docRef>36</docRef>
            <effDate>2016-01-01</effDate>
            <desc>Jaarafsluiting 2015</desc>
            <amnt>7000.00</amnt>
            <amntTp>C</amntTp>
            <custSupID>2028</custSupID>
            <invRef>0</invRef>
          </trLine>
          <trLine>
            <nr>JAAREIND-BAL.36.74</nr>
            <accID>1600</accID>
            <docRef>36</docRef>
            <effDate>2016-01-01</effDate>
            <desc>Jaarafsluiting 2015</desc>
            <amnt>211.23</amnt>
            <amntTp>C</amntTp>
            <custSupID>2029</custSupID>
            <invRef>0</invRef>
          </trLine>
          <trLine>
            <nr>JAAREIND-BAL.36.75</nr>
            <accID>1600</accID>
            <docRef>36</docRef>
            <effDate>2016-01-01</effDate>
            <desc>Jaarafsluiting 2015</desc>
            <amnt>71.12</amnt>
            <amntTp>C</amntTp>
            <custSupID>2030</custSupID>
            <invRef>0</invRef>
          </trLine>
          <trLine>
            <nr>JAAREIND-BAL.36.76</nr>
            <accID>1600</accID>
            <docRef>36</docRef>
            <effDate>2016-01-01</effDate>
            <desc>Jaarafsluiting 2015</desc>
            <amnt>3869.43</amnt>
            <amntTp>C</amntTp>
            <custSupID>2031</custSupID>
            <invRef>0</invRef>
          </trLine>
          <trLine>
            <nr>JAAREIND-BAL.36.77</nr>
            <accID>1600</accID>
            <docRef>36</docRef>
            <effDate>2016-01-01</effDate>
            <desc>Jaarafsluiting 2015</desc>
            <amnt>12100.00</amnt>
            <amntTp>C</amntTp>
            <custSupID>2032</custSupID>
            <invRef>0</invRef>
          </trLine>
          <trLine>
            <nr>JAAREIND-BAL.36.78</nr>
            <accID>1600</accID>
            <docRef>36</docRef>
            <effDate>2016-01-01</effDate>
            <desc>Jaarafsluiting 2015</desc>
            <amnt>2420.00</amnt>
            <amntTp>C</amntTp>
            <custSupID>2033</custSupID>
            <invRef>0</invRef>
          </trLine>
          <trLine>
            <nr>JAAREIND-BAL.36.79</nr>
            <accID>1600</accID>
            <docRef>36</docRef>
            <effDate>2016-01-01</effDate>
            <desc>Jaarafsluiting 2015</desc>
            <amnt>146.42</amnt>
            <amntTp>C</amntTp>
            <custSupID>2034</custSupID>
            <invRef>0</invRef>
          </trLine>
          <trLine>
            <nr>JAAREIND-BAL.36.80</nr>
            <accID>1600</accID>
            <docRef>36</docRef>
            <effDate>2016-01-01</effDate>
            <desc>Jaarafsluiting 2015</desc>
            <amnt>1542.75</amnt>
            <amntTp>C</amntTp>
            <custSupID>2035</custSupID>
            <invRef>0</invRef>
          </trLine>
          <trLine>
            <nr>JAAREIND-BAL.36.81</nr>
            <accID>1600</accID>
            <docRef>36</docRef>
            <effDate>2016-01-01</effDate>
            <desc>Jaarafsluiting 2015</desc>
            <amnt>2400.00</amnt>
            <amntTp>C</amntTp>
            <custSupID>2036</custSupID>
            <invRef>0</invRef>
          </trLine>
          <trLine>
            <nr>JAAREIND-BAL.36.82</nr>
            <accID>1600</accID>
            <docRef>36</docRef>
            <effDate>2016-01-01</effDate>
            <desc>Jaarafsluiting 2015</desc>
            <amnt>121.00</amnt>
            <amntTp>C</amntTp>
            <custSupID>2037</custSupID>
            <invRef>0</invRef>
          </trLine>
          <trLine>
            <nr>JAAREIND-BAL.36.83</nr>
            <accID>1600</accID>
            <docRef>36</docRef>
            <effDate>2016-01-01</effDate>
            <desc>Jaarafsluiting 2015</desc>
            <amnt>121.00</amnt>
            <amntTp>C</amntTp>
            <custSupID>2041</custSupID>
            <invRef>0</invRef>
          </trLine>
          <trLine>
            <nr>JAAREIND-BAL.36.84</nr>
            <accID>1810</accID>
            <docRef>36</docRef>
            <effDate>2016-01-01</effDate>
            <desc>Jaarafsluiting 2015</desc>
            <amnt>13259.00</amnt>
            <amntTp>C</amntTp>
            <invRef>0</invRef>
          </trLine>
          <trLine>
            <nr>JAAREIND-BAL.36.85</nr>
            <accID>1840</accID>
            <docRef>36</docRef>
            <effDate>2016-01-01</effDate>
            <desc>Jaarafsluiting 2015</desc>
            <amnt>6852.00</amnt>
            <amntTp>C</amntTp>
            <invRef>0</invRef>
          </trLine>
          <trLine>
            <nr>JAAREIND-BAL.36.86</nr>
            <accID>2500</accID>
            <docRef>36</docRef>
            <effDate>2016-01-01</effDate>
            <desc>Jaarafsluiting 2015</desc>
            <amnt>500.00</amnt>
            <amntTp>D</amntTp>
            <invRef>0</invRef>
          </trLine>
          <trLine>
            <nr>JAAREIND-BAL.36.87</nr>
            <accID>3000</accID>
            <docRef>36</docRef>
            <effDate>2016-01-01</effDate>
            <desc>Jaarafsluiting 2015</desc>
            <amnt>15622.00</amnt>
            <amntTp>D</amntTp>
            <invRef>0</invRef>
          </trLine>
        </transaction>
      </journal>
      <journal>
        <jrnID>KAS</jrnID>
        <desc>Kas</desc>
        <jrnTp>C</jrnTp>
        <offsetAccID>1000</offsetAccID>
        <transaction>
          <nr>KAS.201600001</nr>
          <periodNumber>3</periodNumber>
          <trDt>2016-03-31</trDt>
          <amnt>0.00</amnt>
          <amntTp>D</amntTp>
          <sourceID>NLG000965</sourceID>
          <trLine>
            <nr>KAS.201600001.1</nr>
            <accID>1000</accID>
            <docRef>201600001</docRef>
            <effDate>2016-03-31</effDate>
            <amnt>2000.00</amnt>
            <amntTp>D</amntTp>
          </trLine>
          <trLine>
            <nr>KAS.201600001.2</nr>
            <accID>1300</accID>
            <docRef>201600001</docRef>
            <effDate>2016-03-31</effDate>
            <amnt>2000.00</amnt>
            <amntTp>C</amntTp>
            <custSupID>1002</custSupID>
          </trLine>
        </transaction>
        <transaction>
          <nr>KAS.201600002</nr>
          <periodNumber>5</periodNumber>
          <trDt>2016-06-16</trDt>
          <amnt>0.00</amnt>
          <amntTp>D</amntTp>
          <sourceID>NLG000965</sourceID>
          <trLine>
            <nr>KAS.201600002.1</nr>
            <accID>1000</accID>
            <docRef>201600002</docRef>
            <effDate>2016-05-19</effDate>
            <amnt>8000.00</amnt>
            <amntTp>C</amntTp>
          </trLine>
          <trLine>
            <nr>KAS.201600002.2</nr>
            <accID>4080</accID>
            <docRef>201600002</docRef>
            <effDate>2016-05-19</effDate>
            <amnt>8000.00</amnt>
            <amntTp>D</amntTp>
          </trLine>
        </transaction>
        <transaction>
          <nr>KAS.201600003</nr>
          <periodNumber>7</periodNumber>
          <trDt>2016-08-17</trDt>
          <amnt>0.00</amnt>
          <amntTp>D</amntTp>
          <sourceID>NLG000965</sourceID>
          <trLine>
            <nr>KAS.201600003.1</nr>
            <accID>1000</accID>
            <docRef>201600003</docRef>
            <effDate>2016-07-17</effDate>
            <amnt>3000.00</amnt>
            <amntTp>D</amntTp>
          </trLine>
          <trLine>
            <nr>KAS.201600003.2</nr>
            <accID>4010</accID>
            <docRef>201600003</docRef>
            <effDate>2016-07-17</effDate>
            <desc>Vergoeding medewerker</desc>
            <amnt>3000.00</amnt>
            <amntTp>C</amntTp>
          </trLine>
        </transaction>
        <transaction>
          <nr>KAS.201600004</nr>
          <periodNumber>7</periodNumber>
          <trDt>2016-09-29</trDt>
          <amnt>0.00</amnt>
          <amntTp>D</amntTp>
          <sourceID>NLG000965</sourceID>
          <trLine>
            <nr>KAS.201600004.1</nr>
            <accID>1000</accID>
            <docRef>201600004</docRef>
            <effDate>2016-07-29</effDate>
            <amnt>800.00</amnt>
            <amntTp>C</amntTp>
          </trLine>
          <trLine>
            <nr>KAS.201600004.2</nr>
            <accID>5700</accID>
            <docRef>201600004</docRef>
            <effDate>2016-07-29</effDate>
            <desc>uit eten met klanten</desc>
            <amnt>2000.00</amnt>
            <amntTp>D</amntTp>
          </trLine>
          <trLine>
            <nr>KAS.201600004.3</nr>
            <accID>5500</accID>
            <docRef>201600004</docRef>
            <effDate>2016-07-29</effDate>
            <desc>zomerbbq</desc>
            <amnt>1200.00</amnt>
            <amntTp>C</amntTp>
          </trLine>
        </transaction>
        <transaction>
          <nr>KAS.201600005</nr>
          <periodNumber>9</periodNumber>
          <trDt>2016-10-02</trDt>
          <amnt>0.00</amnt>
          <amntTp>D</amntTp>
          <sourceID>NLG000965</sourceID>
          <trLine>
            <nr>KAS.201600005.1</nr>
            <accID>1000</accID>
            <docRef>201600005</docRef>
            <effDate>2016-09-02</effDate>
            <amnt>3630.00</amnt>
            <amntTp>D</amntTp>
          </trLine>
          <trLine>
            <nr>KAS.201600005.2</nr>
            <accID>4010</accID>
            <docRef>201600005</docRef>
            <effDate>2016-09-02</effDate>
            <desc>contante omzet</desc>
            <amnt>3000.00</amnt>
            <amntTp>C</amntTp>
            <vat>
              <vatID>VH</vatID>
              <vatPerc>6.000</vatPerc>
              <vatAmnt>630.00</vatAmnt>
              <vatAmntTp>C</vatAmntTp>
            </vat>
          </trLine>
          <trLine>
            <nr>KAS.201600005.3</nr>
            <accID>1531</accID>
            <docRef>201600005</docRef>
            <effDate>2016-09-02</effDate>
            <amnt>630.00</amnt>
            <amntTp>C</amntTp>
            <vat>
              <vatID>VH</vatID>
              <vatPerc>6.000</vatPerc>
              <vatAmnt>0.00</vatAmnt>
              <vatAmntTp>C</vatAmntTp>
            </vat>
          </trLine>
        </transaction>
        <transaction>
          <nr>KAS.201600006</nr>
          <periodNumber>10</periodNumber>
          <trDt>2016-11-06</trDt>
          <amnt>0.00</amnt>
          <amntTp>D</amntTp>
          <sourceID>NLG000965</sourceID>
          <trLine>
            <nr>KAS.201600006.1</nr>
            <accID>1000</accID>
            <docRef>201600006</docRef>
            <effDate>2016-10-06</effDate>
            <amnt>500.00</amnt>
            <amntTp>C</amntTp>
          </trLine>
          <trLine>
            <nr>KAS.201600006.2</nr>
            <accID>4845</accID>
            <docRef>201600006</docRef>
            <effDate>2016-10-06</effDate>
            <amnt>500.00</amnt>
            <amntTp>D</amntTp>
          </trLine>
        </transaction>
        <transaction>
          <nr>KAS.201600007</nr>
          <periodNumber>10</periodNumber>
          <trDt>2016-11-21</trDt>
          <amnt>0.00</amnt>
          <amntTp>D</amntTp>
          <sourceID>NLG000965</sourceID>
          <trLine>
            <nr>KAS.201600007.1</nr>
            <accID>1000</accID>
            <docRef>201600007</docRef>
            <effDate>2016-10-21</effDate>
            <amnt>1000.00</amnt>
            <amntTp>C</amntTp>
          </trLine>
          <trLine>
            <nr>KAS.201600007.2</nr>
            <accID>5550</accID>
            <docRef>201600007</docRef>
            <effDate>2016-10-21</effDate>
            <desc>barbeque</desc>
            <amnt>10000.00</amnt>
            <amntTp>D</amntTp>
            <invRef>123</invRef>
          </trLine>
          <trLine>
            <nr>KAS.201600007.3</nr>
            <accID>2500</accID>
            <docRef>201600007</docRef>
            <effDate>2016-10-21</effDate>
            <desc>kasopname voor barbeque</desc>
            <amnt>9000.00</amnt>
            <amntTp>C</amntTp>
          </trLine>
        </transaction>
        <transaction>
          <nr>KAS.201600008</nr>
          <periodNumber>11</periodNumber>
          <trDt>2016-12-05</trDt>
          <amnt>0.00</amnt>
          <amntTp>D</amntTp>
          <sourceID>NLG000965</sourceID>
          <trLine>
            <nr>KAS.201600008.1</nr>
            <accID>1000</accID>
            <docRef>201600008</docRef>
            <effDate>2016-11-05</effDate>
            <amnt>4150.00</amnt>
            <amntTp>D</amntTp>
          </trLine>
          <trLine>
            <nr>KAS.201600008.2</nr>
            <accID>4088</accID>
            <docRef>201600008</docRef>
            <effDate>2016-11-05</effDate>
            <amnt>150.00</amnt>
            <amntTp>C</amntTp>
          </trLine>
          <trLine>
            <nr>KAS.201600008.3</nr>
            <accID>2500</accID>
            <docRef>201600008</docRef>
            <effDate>2016-11-05</effDate>
            <amnt>4000.00</amnt>
            <amntTp>C</amntTp>
          </trLine>
        </transaction>
        <transaction>
          <nr>KAS.201600009</nr>
          <periodNumber>12</periodNumber>
          <trDt>2017-01-12</trDt>
          <amnt>0.00</amnt>
          <amntTp>D</amntTp>
          <sourceID>NLG000965</sourceID>
          <trLine>
            <nr>KAS.201600009.1</nr>
            <accID>1000</accID>
            <docRef>201600009</docRef>
            <effDate>2016-12-12</effDate>
            <amnt>2420.00</amnt>
            <amntTp>D</amntTp>
          </trLine>
          <trLine>
            <nr>KAS.201600009.2</nr>
            <accID>4800</accID>
            <docRef>201600009</docRef>
            <effDate>2016-12-12</effDate>
            <desc>printer</desc>
            <amnt>3000.00</amnt>
            <amntTp>D</amntTp>
            <vat>
              <vatID>VH</vatID>
              <vatPerc>6.000</vatPerc>
              <vatAmnt>630.00</vatAmnt>
              <vatAmntTp>D</vatAmntTp>
            </vat>
          </trLine>
          <trLine>
            <nr>KAS.201600009.3</nr>
            <accID>8020</accID>
            <docRef>201600009</docRef>
            <effDate>2016-12-12</effDate>
            <amnt>1000.00</amnt>
            <amntTp>C</amntTp>
            <vat>
              <vatID>VH</vatID>
              <vatPerc>6.000</vatPerc>
              <vatAmnt>210.00</vatAmnt>
              <vatAmntTp>C</vatAmntTp>
            </vat>
          </trLine>
          <trLine>
            <nr>KAS.201600009.4</nr>
            <accID>4320</accID>
            <docRef>201600009</docRef>
            <effDate>2016-12-12</effDate>
            <desc>bedrijfsfeest</desc>
            <amnt>4000.00</amnt>
            <amntTp>C</amntTp>
            <vat>
              <vatID>VH</vatID>
              <vatPerc>6.000</vatPerc>
              <vatAmnt>840.00</vatAmnt>
              <vatAmntTp>C</vatAmntTp>
            </vat>
          </trLine>
          <trLine>
            <nr>KAS.201600009.5</nr>
            <accID>1531</accID>
            <docRef>201600009</docRef>
            <effDate>2016-12-12</effDate>
            <amnt>420.00</amnt>
            <amntTp>C</amntTp>
            <vat>
              <vatID>VH</vatID>
              <vatPerc>6.000</vatPerc>
              <vatAmnt>0.00</vatAmnt>
              <vatAmntTp>C</vatAmntTp>
            </vat>
          </trLine>
        </transaction>
      </journal>
      <journal>
        <jrnID>MEMO</jrnID>
        <desc>test_journal</desc>
        <jrnTp>M</jrnTp>
        <transaction>
          <nr>MEMO.201600001</nr>
          <periodNumber>3</periodNumber>
          <trDt>2016-03-31</trDt>
          <amnt>0.00</amnt>
          <amntTp>D</amntTp>
          <sourceID>NLG000965</sourceID>
          <trLine>
            <nr>MEMO.201600001.1</nr>
            <accID>1600</accID>
            <docRef>201600001</docRef>
            <effDate>2016-03-31</effDate>
            <desc>test boeking memo op crediteuren</desc>
            <amnt>10000.00</amnt>
            <amntTp>D</amntTp>
            <custSupID>2002</custSupID>
            <invRef>10120</invRef>
          </trLine>
          <trLine>
            <nr>MEMO.201600001.2</nr>
            <accID>8020</accID>
            <docRef>201600001</docRef>
            <effDate>2016-03-31</effDate>
            <desc>test boeking memo op omzet</desc>
            <amnt>10000.00</amnt>
            <amntTp>C</amntTp>
            <invRef>1212</invRef>
          </trLine>
        </transaction>
        <transaction>
          <nr>MEMO.201600002</nr>
          <periodNumber>5</periodNumber>
          <trDt>2016-06-24</trDt>
          <amnt>0.00</amnt>
          <amntTp>D</amntTp>
          <sourceID>NLG000965</sourceID>
          <trLine>
            <nr>MEMO.201600002.1</nr>
            <accID>1910</accID>
            <docRef>201600002</docRef>
            <effDate>2016-05-24</effDate>
            <desc>testboeking</desc>
            <amnt>1500.00</amnt>
            <amntTp>D</amntTp>
          </trLine>
          <trLine>
            <nr>MEMO.201600002.2</nr>
            <accID>1900</accID>
            <docRef>201600002</docRef>
            <effDate>2016-05-24</effDate>
            <desc>testboeking</desc>
            <amnt>1500.00</amnt>
            <amntTp>C</amntTp>
          </trLine>
        </transaction>
      </journal>
      <journal>
        <jrnID>SALARIS</jrnID>
        <desc>Salarissen</desc>
        <jrnTp>Y</jrnTp>
        <transaction>
          <nr>SALARIS.201600001</nr>
          <periodNumber>9</periodNumber>
          <trDt>2016-10-02</trDt>
          <amnt>0.00</amnt>
          <amntTp>D</amntTp>
          <sourceID>NLG000965</sourceID>
          <trLine>
            <nr>SALARIS.201600001.1</nr>
            <accID>1810</accID>
            <docRef>201600001</docRef>
            <effDate>2016-09-24</effDate>
            <amnt>2700.00</amnt>
            <amntTp>C</amntTp>
          </trLine>
          <trLine>
            <nr>SALARIS.201600001.2</nr>
            <accID>4000</accID>
            <docRef>201600001</docRef>
            <effDate>2016-09-24</effDate>
            <amnt>5000.00</amnt>
            <amntTp>D</amntTp>
            <costID>00000</costID>
          </trLine>
          <trLine>
            <nr>SALARIS.201600001.3</nr>
            <accID>2000</accID>
            <docRef>201600001</docRef>
            <effDate>2016-09-24</effDate>
            <amnt>2300.00</amnt>
            <amntTp>C</amntTp>
          </trLine>
        </transaction>
      </journal>
      <journal>
        <jrnID>VJP</jrnID>
        <desc>Voorafgaande Journaalposten</desc>
        <jrnTp>Z</jrnTp>
        <transaction>
          <nr>VJP.201600001</nr>
          <periodNumber>55</periodNumber>
          <trDt>2016-09-22</trDt>
          <amnt>0.00</amnt>
          <amntTp>D</amntTp>
          <sourceID>NLG000965</sourceID>
          <trLine>
            <nr>VJP.201600001.1</nr>
            <accID>2510</accID>
            <docRef>201600001</docRef>
            <effDate>2016-03-25</effDate>
            <desc>testboeking memo op omzet</desc>
            <amnt>20000.00</amnt>
            <amntTp>D</amntTp>
            <invRef>123</invRef>
          </trLine>
          <trLine>
            <nr>VJP.201600001.2</nr>
            <accID>8028</accID>
            <docRef>201600001</docRef>
            <effDate>2016-03-25</effDate>
            <desc>testboeking memo op omzet</desc>
            <amnt>20000.00</amnt>
            <amntTp>C</amntTp>
          </trLine>
        </transaction>
      </journal>
      <journal>
        <jrnID>VRK</jrnID>
        <desc>Verkoopfactuur</desc>
        <jrnTp>S</jrnTp>
        <transaction>
          <nr>VRK.201600001</nr>
          <periodNumber>3</periodNumber>
          <trDt>2016-03-31</trDt>
          <amnt>0.00</amnt>
          <amntTp>D</amntTp>
          <sourceID>NLG000965</sourceID>
          <trLine>
            <nr>VRK.201600001.1</nr>
            <accID>1300</accID>
            <docRef>201600001</docRef>
            <effDate>2016-03-31</effDate>
            <amnt>403.00</amnt>
            <amntTp>D</amntTp>
            <custSupID>1020</custSupID>
            <invRef>2016-0001</invRef>
          </trLine>
          <trLine>
            <nr>VRK.201600001.2</nr>
            <accID>8022</accID>
            <docRef>201600001</docRef>
            <effDate>2016-03-31</effDate>
            <desc>Bureaustoelen - Artifort - Zeno</desc>
            <amnt>403.00</amnt>
            <amntTp>C</amntTp>
            <invRef>2016-0001</invRef>
            <vat>
              <vatID>BV</vatID>
              <vatPerc>0.000</vatPerc>
              <vatAmnt>0.00</vatAmnt>
              <vatAmntTp>C</vatAmntTp>
            </vat>
          </trLine>
          <trLine>
            <nr>VRK.201600001.3</nr>
            <accID>1516</accID>
            <docRef>201600001</docRef>
            <effDate>2016-03-31</effDate>
            <amnt>0.00</amnt>
            <amntTp>C</amntTp>
            <invRef>2016-0001</invRef>
            <vat>
              <vatID>BV</vatID>
              <vatPerc>0.000</vatPerc>
              <vatAmnt>0.00</vatAmnt>
              <vatAmntTp>C</vatAmntTp>
            </vat>
          </trLine>
        </transaction>
        <transaction>
          <nr>VRK.201600002</nr>
          <periodNumber>3</periodNumber>
          <trDt>2016-03-31</trDt>
          <amnt>0.00</amnt>
          <amntTp>D</amntTp>
          <sourceID>NLG000965</sourceID>
          <trLine>
            <nr>VRK.201600002.1</nr>
            <accID>1300</accID>
            <docRef>201600002</docRef>
            <effDate>2016-03-31</effDate>
            <amnt>1209.00</amnt>
            <amntTp>D</amntTp>
            <custSupID>1020</custSupID>
            <invRef>2016-0002</invRef>
          </trLine>
          <trLine>
            <nr>VRK.201600002.2</nr>
            <accID>8022</accID>
            <docRef>201600002</docRef>
            <effDate>2016-03-31</effDate>
            <desc>Bureaustoelen - Artifort - Zeno</desc>
            <amnt>1209.00</amnt>
            <amntTp>C</amntTp>
            <invRef>2016-0002</invRef>
          </trLine>
        </transaction>
        <transaction>
          <nr>VRK.201600003</nr>
          <periodNumber>6</periodNumber>
          <trDt>2016-07-06</trDt>
          <amnt>0.00</amnt>
          <amntTp>D</amntTp>
          <sourceID>NLG000965</sourceID>
          <trLine>
            <nr>VRK.201600003.1</nr>
            <accID>1300</accID>
            <docRef>201600003</docRef>
            <effDate>2016-06-06</effDate>
            <amnt>16000.00</amnt>
            <amntTp>D</amntTp>
            <custSupID>1007</custSupID>
            <invRef>80802106</invRef>
            <currency>
              <curCode>USD</curCode>
              <curAmnt>20000.00</curAmnt>
            </currency>
          </trLine>
          <trLine>
            <nr>VRK.201600003.2</nr>
            <accID>8010</accID>
            <docRef>201600003</docRef>
            <effDate>2016-06-06</effDate>
            <amnt>16000.00</amnt>
            <amntTp>C</amntTp>
            <invRef>80802106</invRef>
            <currency>
              <curCode>USD</curCode>
              <curAmnt>-20000.00</curAmnt>
            </currency>
          </trLine>
        </transaction>
      </journal>
      <subledgers>
        <subledger>
          <sbType>CU</sbType>
          <sbDesc>A/R</sbDesc>
          <linesCount>1</linesCount>
          <totalDebit>0.00</totalDebit>
          <totalCredit>2653.00</totalCredit>
          <sbLine>
            <nr>1</nr>
            <jrnID>BNK</jrnID>
            <trNr>201600001</trNr>
            <trLineNr>2</trLineNr>
            <amnt>2653.00</amnt>
            <amntTp>C</amntTp>
            <docRef>201600001</docRef>
            <recRef>12</recRef>
            <custSupID>1000</custSupID>
            <mutTp>P</mutTp>
          </sbLine>
        </subledger>
        <subledger>
          <sbType>SU</sbType>
          <sbDesc>A/P</sbDesc>
          <linesCount>1</linesCount>
          <totalDebit>0.00</totalDebit>
          <totalCredit>12000.00</totalCredit>
          <sbLine>
            <nr>1</nr>
            <jrnID>INK</jrnID>
            <trNr>201600004</trNr>
            <trLineNr>1</trLineNr>
            <desc>Voorjaarsreis naar Ibiza</desc>
            <amnt>12000.00</amnt>
            <amntTp>C</amntTp>
            <docRef>201600004</docRef>
            <custSupID>2002</custSupID>
            <invRef>1200234</invRef>
            <invPurSalTp>P</invPurSalTp>
            <invTp>C</invTp>
            <invDt>2016-05-29</invDt>
            <invDueDt>2016-06-12</invDueDt>
            <mutTp>I</mutTp>
          </sbLine>
        </subledger>
        <subledger>
          <sbType>SU</sbType>
          <sbDesc>A/P</sbDesc>
          <linesCount>2</linesCount>
          <totalDebit>0.00</totalDebit>
          <totalCredit>16000.00</totalCredit>
          <sbLine>
            <nr>1</nr>
            <jrnID>INK</jrnID>
            <trNr>201600008</trNr>
            <trLineNr>1</trLineNr>
            <amnt>15000.00</amnt>
            <amntTp>C</amntTp>
            <docRef>201600008</docRef>
            <custSupID>2003</custSupID>
            <invRef>9866-01</invRef>
            <invPurSalTp>P</invPurSalTp>
            <invTp>C</invTp>
            <invDt>2016-10-07</invDt>
            <invDueDt>2016-10-21</invDueDt>
            <mutTp>I</mutTp>
          </sbLine>
          <sbLine>
            <nr>2</nr>
            <jrnID>INK</jrnID>
            <trNr>201600009</trNr>
            <trLineNr>1</trLineNr>
            <amnt>1000.00</amnt>
            <amntTp>C</amntTp>
            <docRef>201600009</docRef>
            <custSupID>2003</custSupID>
            <invRef/>
            <invPurSalTp>P</invPurSalTp>
            <invTp>C</invTp>
            <invDt>2016-11-30</invDt>
            <invDueDt>2016-12-14</invDueDt>
            <mutTp>I</mutTp>
          </sbLine>
        </subledger>
        <subledger>
          <sbType>SU</sbType>
          <sbDesc>A/P</sbDesc>
          <linesCount>1</linesCount>
          <totalDebit>0.00</totalDebit>
          <totalCredit>10000.00</totalCredit>
          <sbLine>
            <nr>1</nr>
            <jrnID>INK</jrnID>
            <trNr>201600002</trNr>
            <trLineNr>1</trLineNr>
            <desc>Bankstel Bora Bora</desc>
            <amnt>10000.00</amnt>
            <amntTp>C</amntTp>
            <docRef>201600002</docRef>
            <custSupID>2004</custSupID>
            <invRef>12</invRef>
            <invPurSalTp>P</invPurSalTp>
            <invTp>C</invTp>
            <invDt>2016-04-24</invDt>
            <invDueDt>2016-05-24</invDueDt>
            <mutTp>I</mutTp>
          </sbLine>
        </subledger>
        <subledger>
          <sbType>SU</sbType>
          <sbDesc>A/P</sbDesc>
          <linesCount>1</linesCount>
          <totalDebit>0.00</totalDebit>
          <totalCredit>20000.00</totalCredit>
          <sbLine>
            <nr>1</nr>
            <jrnID>INK</jrnID>
            <trNr>201600001</trNr>
            <trLineNr>1</trLineNr>
            <amnt>20000.00</amnt>
            <amntTp>C</amntTp>
            <docRef>201600001</docRef>
            <custSupID>2011</custSupID>
            <invRef>12345</invRef>
            <invPurSalTp>P</invPurSalTp>
            <invTp>C</invTp>
            <invDt>2016-03-31</invDt>
            <invDueDt>2016-04-30</invDueDt>
            <mutTp>I</mutTp>
          </sbLine>
        </subledger>
        <subledger>
          <sbType>SU</sbType>
          <sbDesc>A/P</sbDesc>
          <linesCount>1</linesCount>
          <totalDebit>0.00</totalDebit>
          <totalCredit>15000.00</totalCredit>
          <sbLine>
            <nr>1</nr>
            <jrnID>INK</jrnID>
            <trNr>201600003</trNr>
            <trLineNr>1</trLineNr>
            <desc>personeelsfeest</desc>
            <amnt>15000.00</amnt>
            <amntTp>C</amntTp>
            <docRef>201600003</docRef>
            <custSupID>2021</custSupID>
            <invRef>1823_100</invRef>
            <invPurSalTp>P</invPurSalTp>
            <invTp>C</invTp>
            <invDt>2016-05-16</invDt>
            <invDueDt>2016-06-15</invDueDt>
            <mutTp>I</mutTp>
          </sbLine>
        </subledger>
        <subledger>
          <sbType>SU</sbType>
          <sbDesc>A/P</sbDesc>
          <linesCount>1</linesCount>
          <totalDebit>0.00</totalDebit>
          <totalCredit>1699.00</totalCredit>
          <sbLine>
            <nr>1</nr>
            <jrnID>INK</jrnID>
            <trNr>201600007</trNr>
            <trLineNr>1</trLineNr>
            <desc>Eclectische fiets</desc>
            <amnt>1699.00</amnt>
            <amntTp>C</amntTp>
            <docRef>201600007</docRef>
            <custSupID>2022</custSupID>
            <invRef/>
            <invPurSalTp>P</invPurSalTp>
            <invTp>C</invTp>
            <invDt>2016-09-29</invDt>
            <invDueDt>2016-10-29</invDueDt>
            <mutTp>I</mutTp>
          </sbLine>
        </subledger>
        <subledger>
          <sbType>SU</sbType>
          <sbDesc>A/P</sbDesc>
          <linesCount>1</linesCount>
          <totalDebit>0.00</totalDebit>
          <totalCredit>1800.00</totalCredit>
          <sbLine>
            <nr>1</nr>
            <jrnID>INK</jrnID>
            <trNr>201600011</trNr>
            <trLineNr>1</trLineNr>
            <desc>Maandelijkse termijn</desc>
            <amnt>1800.00</amnt>
            <amntTp>C</amntTp>
            <docRef>201600011</docRef>
            <custSupID>2023</custSupID>
            <invRef/>
            <invPurSalTp>P</invPurSalTp>
            <invTp>C</invTp>
            <invDt>2016-11-17</invDt>
            <invDueDt>2016-12-17</invDueDt>
            <mutTp>I</mutTp>
          </sbLine>
        </subledger>
        <subledger>
          <sbType>SU</sbType>
          <sbDesc>A/P</sbDesc>
          <linesCount>1</linesCount>
          <totalDebit>0.00</totalDebit>
          <totalCredit>20000.00</totalCredit>
          <sbLine>
            <nr>1</nr>
            <jrnID>INK</jrnID>
            <trNr>201600010</trNr>
            <trLineNr>1</trLineNr>
            <desc>Dag van Succes</desc>
            <amnt>20000.00</amnt>
            <amntTp>C</amntTp>
            <docRef>201600010</docRef>
            <custSupID>2028</custSupID>
            <invRef/>
            <invPurSalTp>P</invPurSalTp>
            <invTp>C</invTp>
            <invDt>2016-11-07</invDt>
            <invDueDt>2016-11-21</invDueDt>
            <mutTp>I</mutTp>
          </sbLine>
        </subledger>
        <subledger>
          <sbType>SU</sbType>
          <sbDesc>A/P</sbDesc>
          <linesCount>2</linesCount>
          <totalDebit>0.00</totalDebit>
          <totalCredit>15000.00</totalCredit>
          <sbLine>
            <nr>1</nr>
            <jrnID>INK</jrnID>
            <trNr>201600005</trNr>
            <trLineNr>1</trLineNr>
            <desc>Onderhoud koffiemachine</desc>
            <amnt>14000.00</amnt>
            <amntTp>C</amntTp>
            <docRef>201600005</docRef>
            <custSupID>2034</custSupID>
            <invRef/>
            <invPurSalTp>P</invPurSalTp>
            <invTp>C</invTp>
            <invDt>2016-03-29</invDt>
            <invDueDt>2016-04-12</invDueDt>
            <mutTp>I</mutTp>
          </sbLine>
          <sbLine>
            <nr>2</nr>
            <jrnID>INK</jrnID>
            <trNr>201600012</trNr>
            <trLineNr>1</trLineNr>
            <desc>Onderhoud koffiemachine</desc>
            <amnt>1000.00</amnt>
            <amntTp>C</amntTp>
            <docRef>201600012</docRef>
            <custSupID>2034</custSupID>
            <invRef/>
            <invPurSalTp>P</invPurSalTp>
            <invTp>C</invTp>
            <invDt>2016-11-17</invDt>
            <invDueDt>2016-12-31</invDueDt>
            <mutTp>I</mutTp>
          </sbLine>
        </subledger>
        <subledger>
          <sbType>SU</sbType>
          <sbDesc>A/P</sbDesc>
          <linesCount>1</linesCount>
          <totalDebit>0.00</totalDebit>
          <totalCredit>3750.00</totalCredit>
          <sbLine>
            <nr>1</nr>
            <jrnID>INK</jrnID>
            <trNr>201600006</trNr>
            <trLineNr>1</trLineNr>
            <desc>Slagersfactuur zomerBBQ</desc>
            <amnt>3750.00</amnt>
            <amntTp>C</amntTp>
            <docRef>201600006</docRef>
            <custSupID>2036</custSupID>
            <invRef/>
            <invPurSalTp>P</invPurSalTp>
            <invTp>C</invTp>
            <invDt>2016-08-29</invDt>
            <invDueDt>2016-10-06</invDueDt>
            <mutTp>I</mutTp>
          </sbLine>
        </subledger>
        <subledger>
          <sbType>SU</sbType>
          <sbDesc>A/P</sbDesc>
          <linesCount>1</linesCount>
          <totalDebit>0.00</totalDebit>
          <totalCredit>23176.19</totalCredit>
          <sbLine>
            <nr>1</nr>
            <jrnID>JAAREIND-BAL</jrnID>
            <trNr>36</trNr>
            <trLineNr>45</trLineNr>
            <desc>Jaarafsluiting 2015</desc>
            <amnt>23176.19</amnt>
            <amntTp>C</amntTp>
            <docRef>36</docRef>
            <custSupID>2000</custSupID>
            <mutTp>Z</mutTp>
          </sbLine>
        </subledger>
        <subledger>
          <sbType>SU</sbType>
          <sbDesc>A/P</sbDesc>
          <linesCount>1</linesCount>
          <totalDebit>0.00</totalDebit>
          <totalCredit>11221.88</totalCredit>
          <sbLine>
            <nr>1</nr>
            <jrnID>JAAREIND-BAL</jrnID>
            <trNr>36</trNr>
            <trLineNr>46</trLineNr>
            <desc>Jaarafsluiting 2015</desc>
            <amnt>11221.88</amnt>
            <amntTp>C</amntTp>
            <docRef>36</docRef>
            <custSupID>2001</custSupID>
            <mutTp>Z</mutTp>
          </sbLine>
        </subledger>
        <subledger>
          <sbType>SU</sbType>
          <sbDesc>A/P</sbDesc>
          <linesCount>1</linesCount>
          <totalDebit>0.00</totalDebit>
          <totalCredit>30410.71</totalCredit>
          <sbLine>
            <nr>1</nr>
            <jrnID>JAAREIND-BAL</jrnID>
            <trNr>36</trNr>
            <trLineNr>47</trLineNr>
            <desc>Jaarafsluiting 2015</desc>
            <amnt>30410.71</amnt>
            <amntTp>C</amntTp>
            <docRef>36</docRef>
            <custSupID>2002</custSupID>
            <mutTp>Z</mutTp>
          </sbLine>
        </subledger>
        <subledger>
          <sbType>SU</sbType>
          <sbDesc>A/P</sbDesc>
          <linesCount>1</linesCount>
          <totalDebit>0.00</totalDebit>
          <totalCredit>45992.64</totalCredit>
          <sbLine>
            <nr>1</nr>
            <jrnID>JAAREIND-BAL</jrnID>
            <trNr>36</trNr>
            <trLineNr>48</trLineNr>
            <desc>Jaarafsluiting 2015</desc>
            <amnt>45992.64</amnt>
            <amntTp>C</amntTp>
            <docRef>36</docRef>
            <custSupID>2003</custSupID>
            <mutTp>Z</mutTp>
          </sbLine>
        </subledger>
        <subledger>
          <sbType>SU</sbType>
          <sbDesc>A/P</sbDesc>
          <linesCount>1</linesCount>
          <totalDebit>0.00</totalDebit>
          <totalCredit>48291.41</totalCredit>
          <sbLine>
            <nr>1</nr>
            <jrnID>JAAREIND-BAL</jrnID>
            <trNr>36</trNr>
            <trLineNr>49</trLineNr>
            <desc>Jaarafsluiting 2015</desc>
            <amnt>48291.41</amnt>
            <amntTp>C</amntTp>
            <docRef>36</docRef>
            <custSupID>2004</custSupID>
            <mutTp>Z</mutTp>
          </sbLine>
        </subledger>
        <subledger>
          <sbType>SU</sbType>
          <sbDesc>A/P</sbDesc>
          <linesCount>1</linesCount>
          <totalDebit>0.00</totalDebit>
          <totalCredit>153730.79</totalCredit>
          <sbLine>
            <nr>1</nr>
            <jrnID>JAAREIND-BAL</jrnID>
            <trNr>36</trNr>
            <trLineNr>50</trLineNr>
            <desc>Jaarafsluiting 2015</desc>
            <amnt>153730.79</amnt>
            <amntTp>C</amntTp>
            <docRef>36</docRef>
            <custSupID>2005</custSupID>
            <mutTp>Z</mutTp>
          </sbLine>
        </subledger>
        <subledger>
          <sbType>SU</sbType>
          <sbDesc>A/P</sbDesc>
          <linesCount>1</linesCount>
          <totalDebit>0.00</totalDebit>
          <totalCredit>41035.38</totalCredit>
          <sbLine>
            <nr>1</nr>
            <jrnID>JAAREIND-BAL</jrnID>
            <trNr>36</trNr>
            <trLineNr>51</trLineNr>
            <desc>Jaarafsluiting 2015</desc>
            <amnt>41035.38</amnt>
            <amntTp>C</amntTp>
            <docRef>36</docRef>
            <custSupID>2006</custSupID>
            <mutTp>Z</mutTp>
          </sbLine>
        </subledger>
        <subledger>
          <sbType>SU</sbType>
          <sbDesc>A/P</sbDesc>
          <linesCount>1</linesCount>
          <totalDebit>0.00</totalDebit>
          <totalCredit>37941.18</totalCredit>
          <sbLine>
            <nr>1</nr>
            <jrnID>JAAREIND-BAL</jrnID>
            <trNr>36</trNr>
            <trLineNr>52</trLineNr>
            <desc>Jaarafsluiting 2015</desc>
            <amnt>37941.18</amnt>
            <amntTp>C</amntTp>
            <docRef>36</docRef>
            <custSupID>2007</custSupID>
            <mutTp>Z</mutTp>
          </sbLine>
        </subledger>
        <subledger>
          <sbType>SU</sbType>
          <sbDesc>A/P</sbDesc>
          <linesCount>1</linesCount>
          <totalDebit>0.00</totalDebit>
          <totalCredit>9664.74</totalCredit>
          <sbLine>
            <nr>1</nr>
            <jrnID>JAAREIND-BAL</jrnID>
            <trNr>36</trNr>
            <trLineNr>53</trLineNr>
            <desc>Jaarafsluiting 2015</desc>
            <amnt>9664.74</amnt>
            <amntTp>C</amntTp>
            <docRef>36</docRef>
            <custSupID>2008</custSupID>
            <mutTp>Z</mutTp>
          </sbLine>
        </subledger>
        <subledger>
          <sbType>SU</sbType>
          <sbDesc>A/P</sbDesc>
          <linesCount>1</linesCount>
          <totalDebit>0.00</totalDebit>
          <totalCredit>8647.08</totalCredit>
          <sbLine>
            <nr>1</nr>
            <jrnID>JAAREIND-BAL</jrnID>
            <trNr>36</trNr>
            <trLineNr>54</trLineNr>
            <desc>Jaarafsluiting 2015</desc>
            <amnt>8647.08</amnt>
            <amntTp>C</amntTp>
            <docRef>36</docRef>
            <custSupID>2009</custSupID>
            <mutTp>Z</mutTp>
          </sbLine>
        </subledger>
        <subledger>
          <sbType>SU</sbType>
          <sbDesc>A/P</sbDesc>
          <linesCount>1</linesCount>
          <totalDebit>0.00</totalDebit>
          <totalCredit>12477.58</totalCredit>
          <sbLine>
            <nr>1</nr>
            <jrnID>JAAREIND-BAL</jrnID>
            <trNr>36</trNr>
            <trLineNr>55</trLineNr>
            <desc>Jaarafsluiting 2015</desc>
            <amnt>12477.58</amnt>
            <amntTp>C</amntTp>
            <docRef>36</docRef>
            <custSupID>2010</custSupID>
            <mutTp>Z</mutTp>
          </sbLine>
        </subledger>
        <subledger>
          <sbType>SU</sbType>
          <sbDesc>A/P</sbDesc>
          <linesCount>1</linesCount>
          <totalDebit>0.00</totalDebit>
          <totalCredit>9595.52</totalCredit>
          <sbLine>
            <nr>1</nr>
            <jrnID>JAAREIND-BAL</jrnID>
            <trNr>36</trNr>
            <trLineNr>56</trLineNr>
            <desc>Jaarafsluiting 2015</desc>
            <amnt>9595.52</amnt>
            <amntTp>C</amntTp>
            <docRef>36</docRef>
            <custSupID>2011</custSupID>
            <mutTp>Z</mutTp>
          </sbLine>
        </subledger>
        <subledger>
          <sbType>SU</sbType>
          <sbDesc>A/P</sbDesc>
          <linesCount>1</linesCount>
          <totalDebit>0.00</totalDebit>
          <totalCredit>18766.14</totalCredit>
          <sbLine>
            <nr>1</nr>
            <jrnID>JAAREIND-BAL</jrnID>
            <trNr>36</trNr>
            <trLineNr>57</trLineNr>
            <desc>Jaarafsluiting 2015</desc>
            <amnt>18766.14</amnt>
            <amntTp>C</amntTp>
            <docRef>36</docRef>
            <custSupID>2012</custSupID>
            <mutTp>Z</mutTp>
          </sbLine>
        </subledger>
        <subledger>
          <sbType>SU</sbType>
          <sbDesc>A/P</sbDesc>
          <linesCount>1</linesCount>
          <totalDebit>0.00</totalDebit>
          <totalCredit>13798.85</totalCredit>
          <sbLine>
            <nr>1</nr>
            <jrnID>JAAREIND-BAL</jrnID>
            <trNr>36</trNr>
            <trLineNr>58</trLineNr>
            <desc>Jaarafsluiting 2015</desc>
            <amnt>13798.85</amnt>
            <amntTp>C</amntTp>
            <docRef>36</docRef>
            <custSupID>2013</custSupID>
            <mutTp>Z</mutTp>
          </sbLine>
        </subledger>
        <subledger>
          <sbType>SU</sbType>
          <sbDesc>A/P</sbDesc>
          <linesCount>1</linesCount>
          <totalDebit>0.00</totalDebit>
          <totalCredit>34395.76</totalCredit>
          <sbLine>
            <nr>1</nr>
            <jrnID>JAAREIND-BAL</jrnID>
            <trNr>36</trNr>
            <trLineNr>59</trLineNr>
            <desc>Jaarafsluiting 2015</desc>
            <amnt>34395.76</amnt>
            <amntTp>C</amntTp>
            <docRef>36</docRef>
            <custSupID>2014</custSupID>
            <mutTp>Z</mutTp>
          </sbLine>
        </subledger>
        <subledger>
          <sbType>SU</sbType>
          <sbDesc>A/P</sbDesc>
          <linesCount>1</linesCount>
          <totalDebit>0.00</totalDebit>
          <totalCredit>4008.13</totalCredit>
          <sbLine>
            <nr>1</nr>
            <jrnID>JAAREIND-BAL</jrnID>
            <trNr>36</trNr>
            <trLineNr>60</trLineNr>
            <desc>Jaarafsluiting 2015</desc>
            <amnt>4008.13</amnt>
            <amntTp>C</amntTp>
            <docRef>36</docRef>
            <custSupID>2015</custSupID>
            <mutTp>Z</mutTp>
          </sbLine>
        </subledger>
        <subledger>
          <sbType>SU</sbType>
          <sbDesc>A/P</sbDesc>
          <linesCount>1</linesCount>
          <totalDebit>0.00</totalDebit>
          <totalCredit>18086.37</totalCredit>
          <sbLine>
            <nr>1</nr>
            <jrnID>JAAREIND-BAL</jrnID>
            <trNr>36</trNr>
            <trLineNr>61</trLineNr>
            <desc>Jaarafsluiting 2015</desc>
            <amnt>18086.37</amnt>
            <amntTp>C</amntTp>
            <docRef>36</docRef>
            <custSupID>2016</custSupID>
            <mutTp>Z</mutTp>
          </sbLine>
        </subledger>
        <subledger>
          <sbType>SU</sbType>
          <sbDesc>A/P</sbDesc>
          <linesCount>1</linesCount>
          <totalDebit>0.00</totalDebit>
          <totalCredit>256.55</totalCredit>
          <sbLine>
            <nr>1</nr>
            <jrnID>JAAREIND-BAL</jrnID>
            <trNr>36</trNr>
            <trLineNr>62</trLineNr>
            <desc>Jaarafsluiting 2015</desc>
            <amnt>256.55</amnt>
            <amntTp>C</amntTp>
            <docRef>36</docRef>
            <custSupID>2017</custSupID>
            <mutTp>Z</mutTp>
          </sbLine>
        </subledger>
        <subledger>
          <sbType>SU</sbType>
          <sbDesc>A/P</sbDesc>
          <linesCount>1</linesCount>
          <totalDebit>0.00</totalDebit>
          <totalCredit>6075.27</totalCredit>
          <sbLine>
            <nr>1</nr>
            <jrnID>JAAREIND-BAL</jrnID>
            <trNr>36</trNr>
            <trLineNr>63</trLineNr>
            <desc>Jaarafsluiting 2015</desc>
            <amnt>6075.27</amnt>
            <amntTp>C</amntTp>
            <docRef>36</docRef>
            <custSupID>2018</custSupID>
            <mutTp>Z</mutTp>
          </sbLine>
        </subledger>
        <subledger>
          <sbType>SU</sbType>
          <sbDesc>A/P</sbDesc>
          <linesCount>1</linesCount>
          <totalDebit>0.00</totalDebit>
          <totalCredit>11424.60</totalCredit>
          <sbLine>
            <nr>1</nr>
            <jrnID>JAAREIND-BAL</jrnID>
            <trNr>36</trNr>
            <trLineNr>64</trLineNr>
            <desc>Jaarafsluiting 2015</desc>
            <amnt>11424.60</amnt>
            <amntTp>C</amntTp>
            <docRef>36</docRef>
            <custSupID>2019</custSupID>
            <mutTp>Z</mutTp>
          </sbLine>
        </subledger>
        <subledger>
          <sbType>SU</sbType>
          <sbDesc>A/P</sbDesc>
          <linesCount>1</linesCount>
          <totalDebit>0.00</totalDebit>
          <totalCredit>12255.87</totalCredit>
          <sbLine>
            <nr>1</nr>
            <jrnID>JAAREIND-BAL</jrnID>
            <trNr>36</trNr>
            <trLineNr>65</trLineNr>
            <desc>Jaarafsluiting 2015</desc>
            <amnt>12255.87</amnt>
            <amntTp>C</amntTp>
            <docRef>36</docRef>
            <custSupID>2020</custSupID>
            <mutTp>Z</mutTp>
          </sbLine>
        </subledger>
        <subledger>
          <sbType>SU</sbType>
          <sbDesc>A/P</sbDesc>
          <linesCount>1</linesCount>
          <totalDebit>0.00</totalDebit>
          <totalCredit>4941.07</totalCredit>
          <sbLine>
            <nr>1</nr>
            <jrnID>JAAREIND-BAL</jrnID>
            <trNr>36</trNr>
            <trLineNr>66</trLineNr>
            <desc>Jaarafsluiting 2015</desc>
            <amnt>4941.07</amnt>
            <amntTp>C</amntTp>
            <docRef>36</docRef>
            <custSupID>2021</custSupID>
            <mutTp>Z</mutTp>
          </sbLine>
        </subledger>
        <subledger>
          <sbType>SU</sbType>
          <sbDesc>A/P</sbDesc>
          <linesCount>1</linesCount>
          <totalDebit>0.00</totalDebit>
          <totalCredit>18871.43</totalCredit>
          <sbLine>
            <nr>1</nr>
            <jrnID>JAAREIND-BAL</jrnID>
            <trNr>36</trNr>
            <trLineNr>67</trLineNr>
            <desc>Jaarafsluiting 2015</desc>
            <amnt>18871.43</amnt>
            <amntTp>C</amntTp>
            <docRef>36</docRef>
            <custSupID>2022</custSupID>
            <mutTp>Z</mutTp>
          </sbLine>
        </subledger>
        <subledger>
          <sbType>SU</sbType>
          <sbDesc>A/P</sbDesc>
          <linesCount>1</linesCount>
          <totalDebit>0.00</totalDebit>
          <totalCredit>8762.09</totalCredit>
          <sbLine>
            <nr>1</nr>
            <jrnID>JAAREIND-BAL</jrnID>
            <trNr>36</trNr>
            <trLineNr>68</trLineNr>
            <desc>Jaarafsluiting 2015</desc>
            <amnt>8762.09</amnt>
            <amntTp>C</amntTp>
            <docRef>36</docRef>
            <custSupID>2023</custSupID>
            <mutTp>Z</mutTp>
          </sbLine>
        </subledger>
        <subledger>
          <sbType>SU</sbType>
          <sbDesc>A/P</sbDesc>
          <linesCount>1</linesCount>
          <totalDebit>0.00</totalDebit>
          <totalCredit>931.34</totalCredit>
          <sbLine>
            <nr>1</nr>
            <jrnID>JAAREIND-BAL</jrnID>
            <trNr>36</trNr>
            <trLineNr>69</trLineNr>
            <desc>Jaarafsluiting 2015</desc>
            <amnt>931.34</amnt>
            <amntTp>C</amntTp>
            <docRef>36</docRef>
            <custSupID>2024</custSupID>
            <mutTp>Z</mutTp>
          </sbLine>
        </subledger>
        <subledger>
          <sbType>SU</sbType>
          <sbDesc>A/P</sbDesc>
          <linesCount>1</linesCount>
          <totalDebit>0.00</totalDebit>
          <totalCredit>1219.15</totalCredit>
          <sbLine>
            <nr>1</nr>
            <jrnID>JAAREIND-BAL</jrnID>
            <trNr>36</trNr>
            <trLineNr>70</trLineNr>
            <desc>Jaarafsluiting 2015</desc>
            <amnt>1219.15</amnt>
            <amntTp>C</amntTp>
            <docRef>36</docRef>
            <custSupID>2025</custSupID>
            <mutTp>Z</mutTp>
          </sbLine>
        </subledger>
        <subledger>
          <sbType>SU</sbType>
          <sbDesc>A/P</sbDesc>
          <linesCount>1</linesCount>
          <totalDebit>0.00</totalDebit>
          <totalCredit>8028.71</totalCredit>
          <sbLine>
            <nr>1</nr>
            <jrnID>JAAREIND-BAL</jrnID>
            <trNr>36</trNr>
            <trLineNr>71</trLineNr>
            <desc>Jaarafsluiting 2015</desc>
            <amnt>8028.71</amnt>
            <amntTp>C</amntTp>
            <docRef>36</docRef>
            <custSupID>2026</custSupID>
            <mutTp>Z</mutTp>
          </sbLine>
        </subledger>
        <subledger>
          <sbType>SU</sbType>
          <sbDesc>A/P</sbDesc>
          <linesCount>1</linesCount>
          <totalDebit>0.00</totalDebit>
          <totalCredit>1452.00</totalCredit>
          <sbLine>
            <nr>1</nr>
            <jrnID>JAAREIND-BAL</jrnID>
            <trNr>36</trNr>
            <trLineNr>72</trLineNr>
            <desc>Jaarafsluiting 2015</desc>
            <amnt>1452.00</amnt>
            <amntTp>C</amntTp>
            <docRef>36</docRef>
            <custSupID>2027</custSupID>
            <mutTp>Z</mutTp>
          </sbLine>
        </subledger>
        <subledger>
          <sbType>SU</sbType>
          <sbDesc>A/P</sbDesc>
          <linesCount>1</linesCount>
          <totalDebit>0.00</totalDebit>
          <totalCredit>7000.00</totalCredit>
          <sbLine>
            <nr>1</nr>
            <jrnID>JAAREIND-BAL</jrnID>
            <trNr>36</trNr>
            <trLineNr>73</trLineNr>
            <desc>Jaarafsluiting 2015</desc>
            <amnt>7000.00</amnt>
            <amntTp>C</amntTp>
            <docRef>36</docRef>
            <custSupID>2028</custSupID>
            <mutTp>Z</mutTp>
          </sbLine>
        </subledger>
        <subledger>
          <sbType>SU</sbType>
          <sbDesc>A/P</sbDesc>
          <linesCount>1</linesCount>
          <totalDebit>0.00</totalDebit>
          <totalCredit>211.23</totalCredit>
          <sbLine>
            <nr>1</nr>
            <jrnID>JAAREIND-BAL</jrnID>
            <trNr>36</trNr>
            <trLineNr>74</trLineNr>
            <desc>Jaarafsluiting 2015</desc>
            <amnt>211.23</amnt>
            <amntTp>C</amntTp>
            <docRef>36</docRef>
            <custSupID>2029</custSupID>
            <mutTp>Z</mutTp>
          </sbLine>
        </subledger>
        <subledger>
          <sbType>SU</sbType>
          <sbDesc>A/P</sbDesc>
          <linesCount>1</linesCount>
          <totalDebit>0.00</totalDebit>
          <totalCredit>71.12</totalCredit>
          <sbLine>
            <nr>1</nr>
            <jrnID>JAAREIND-BAL</jrnID>
            <trNr>36</trNr>
            <trLineNr>75</trLineNr>
            <desc>Jaarafsluiting 2015</desc>
            <amnt>71.12</amnt>
            <amntTp>C</amntTp>
            <docRef>36</docRef>
            <custSupID>2030</custSupID>
            <mutTp>Z</mutTp>
          </sbLine>
        </subledger>
        <subledger>
          <sbType>SU</sbType>
          <sbDesc>A/P</sbDesc>
          <linesCount>1</linesCount>
          <totalDebit>0.00</totalDebit>
          <totalCredit>3869.43</totalCredit>
          <sbLine>
            <nr>1</nr>
            <jrnID>JAAREIND-BAL</jrnID>
            <trNr>36</trNr>
            <trLineNr>76</trLineNr>
            <desc>Jaarafsluiting 2015</desc>
            <amnt>3869.43</amnt>
            <amntTp>C</amntTp>
            <docRef>36</docRef>
            <custSupID>2031</custSupID>
            <mutTp>Z</mutTp>
          </sbLine>
        </subledger>
        <subledger>
          <sbType>SU</sbType>
          <sbDesc>A/P</sbDesc>
          <linesCount>1</linesCount>
          <totalDebit>0.00</totalDebit>
          <totalCredit>12100.00</totalCredit>
          <sbLine>
            <nr>1</nr>
            <jrnID>JAAREIND-BAL</jrnID>
            <trNr>36</trNr>
            <trLineNr>77</trLineNr>
            <desc>Jaarafsluiting 2015</desc>
            <amnt>12100.00</amnt>
            <amntTp>C</amntTp>
            <docRef>36</docRef>
            <custSupID>2032</custSupID>
            <mutTp>Z</mutTp>
          </sbLine>
        </subledger>
        <subledger>
          <sbType>SU</sbType>
          <sbDesc>A/P</sbDesc>
          <linesCount>1</linesCount>
          <totalDebit>0.00</totalDebit>
          <totalCredit>2420.00</totalCredit>
          <sbLine>
            <nr>1</nr>
            <jrnID>JAAREIND-BAL</jrnID>
            <trNr>36</trNr>
            <trLineNr>78</trLineNr>
            <desc>Jaarafsluiting 2015</desc>
            <amnt>2420.00</amnt>
            <amntTp>C</amntTp>
            <docRef>36</docRef>
            <custSupID>2033</custSupID>
            <mutTp>Z</mutTp>
          </sbLine>
        </subledger>
        <subledger>
          <sbType>SU</sbType>
          <sbDesc>A/P</sbDesc>
          <linesCount>1</linesCount>
          <totalDebit>0.00</totalDebit>
          <totalCredit>146.42</totalCredit>
          <sbLine>
            <nr>1</nr>
            <jrnID>JAAREIND-BAL</jrnID>
            <trNr>36</trNr>
            <trLineNr>79</trLineNr>
            <desc>Jaarafsluiting 2015</desc>
            <amnt>146.42</amnt>
            <amntTp>C</amntTp>
            <docRef>36</docRef>
            <custSupID>2034</custSupID>
            <mutTp>Z</mutTp>
          </sbLine>
        </subledger>
        <subledger>
          <sbType>SU</sbType>
          <sbDesc>A/P</sbDesc>
          <linesCount>1</linesCount>
          <totalDebit>0.00</totalDebit>
          <totalCredit>1542.75</totalCredit>
          <sbLine>
            <nr>1</nr>
            <jrnID>JAAREIND-BAL</jrnID>
            <trNr>36</trNr>
            <trLineNr>80</trLineNr>
            <desc>Jaarafsluiting 2015</desc>
            <amnt>1542.75</amnt>
            <amntTp>C</amntTp>
            <docRef>36</docRef>
            <custSupID>2035</custSupID>
            <mutTp>Z</mutTp>
          </sbLine>
        </subledger>
        <subledger>
          <sbType>SU</sbType>
          <sbDesc>A/P</sbDesc>
          <linesCount>1</linesCount>
          <totalDebit>0.00</totalDebit>
          <totalCredit>2400.00</totalCredit>
          <sbLine>
            <nr>1</nr>
            <jrnID>JAAREIND-BAL</jrnID>
            <trNr>36</trNr>
            <trLineNr>81</trLineNr>
            <desc>Jaarafsluiting 2015</desc>
            <amnt>2400.00</amnt>
            <amntTp>C</amntTp>
            <docRef>36</docRef>
            <custSupID>2036</custSupID>
            <mutTp>Z</mutTp>
          </sbLine>
        </subledger>
        <subledger>
          <sbType>SU</sbType>
          <sbDesc>A/P</sbDesc>
          <linesCount>1</linesCount>
          <totalDebit>0.00</totalDebit>
          <totalCredit>121.00</totalCredit>
          <sbLine>
            <nr>1</nr>
            <jrnID>JAAREIND-BAL</jrnID>
            <trNr>36</trNr>
            <trLineNr>82</trLineNr>
            <desc>Jaarafsluiting 2015</desc>
            <amnt>121.00</amnt>
            <amntTp>C</amntTp>
            <docRef>36</docRef>
            <custSupID>2037</custSupID>
            <mutTp>Z</mutTp>
          </sbLine>
        </subledger>
        <subledger>
          <sbType>SU</sbType>
          <sbDesc>A/P</sbDesc>
          <linesCount>1</linesCount>
          <totalDebit>0.00</totalDebit>
          <totalCredit>121.00</totalCredit>
          <sbLine>
            <nr>1</nr>
            <jrnID>JAAREIND-BAL</jrnID>
            <trNr>36</trNr>
            <trLineNr>83</trLineNr>
            <desc>Jaarafsluiting 2015</desc>
            <amnt>121.00</amnt>
            <amntTp>C</amntTp>
            <docRef>36</docRef>
            <custSupID>2041</custSupID>
            <mutTp>Z</mutTp>
          </sbLine>
        </subledger>
        <subledger>
          <sbType>CU</sbType>
          <sbDesc>A/R</sbDesc>
          <linesCount>1</linesCount>
          <totalDebit>21663.00</totalDebit>
          <totalCredit>0.00</totalCredit>
          <sbLine>
            <nr>1</nr>
            <jrnID>JAAREIND-BAL</jrnID>
            <trNr>36</trNr>
            <trLineNr>16</trLineNr>
            <desc>Jaarafsluiting 2015</desc>
            <amnt>21663.00</amnt>
            <amntTp>D</amntTp>
            <docRef>36</docRef>
            <custSupID>1000</custSupID>
            <mutTp>Z</mutTp>
          </sbLine>
        </subledger>
        <subledger>
          <sbType>CU</sbType>
          <sbDesc>A/R</sbDesc>
          <linesCount>1</linesCount>
          <totalDebit>55880.00</totalDebit>
          <totalCredit>0.00</totalCredit>
          <sbLine>
            <nr>1</nr>
            <jrnID>JAAREIND-BAL</jrnID>
            <trNr>36</trNr>
            <trLineNr>17</trLineNr>
            <desc>Jaarafsluiting 2015</desc>
            <amnt>55880.00</amnt>
            <amntTp>D</amntTp>
            <docRef>36</docRef>
            <custSupID>1001</custSupID>
            <mutTp>Z</mutTp>
          </sbLine>
        </subledger>
        <subledger>
          <sbType>CU</sbType>
          <sbDesc>A/R</sbDesc>
          <linesCount>1</linesCount>
          <totalDebit>76778.15</totalDebit>
          <totalCredit>0.00</totalCredit>
          <sbLine>
            <nr>1</nr>
            <jrnID>JAAREIND-BAL</jrnID>
            <trNr>36</trNr>
            <trLineNr>18</trLineNr>
            <desc>Jaarafsluiting 2015</desc>
            <amnt>76778.15</amnt>
            <amntTp>D</amntTp>
            <docRef>36</docRef>
            <custSupID>1002</custSupID>
            <mutTp>Z</mutTp>
          </sbLine>
        </subledger>
        <subledger>
          <sbType>CU</sbType>
          <sbDesc>A/R</sbDesc>
          <linesCount>1</linesCount>
          <totalDebit>44550.00</totalDebit>
          <totalCredit>0.00</totalCredit>
          <sbLine>
            <nr>1</nr>
            <jrnID>JAAREIND-BAL</jrnID>
            <trNr>36</trNr>
            <trLineNr>19</trLineNr>
            <desc>Jaarafsluiting 2015</desc>
            <amnt>44550.00</amnt>
            <amntTp>D</amntTp>
            <docRef>36</docRef>
            <custSupID>1003</custSupID>
            <mutTp>Z</mutTp>
          </sbLine>
        </subledger>
        <subledger>
          <sbType>CU</sbType>
          <sbDesc>A/R</sbDesc>
          <linesCount>1</linesCount>
          <totalDebit>57229.00</totalDebit>
          <totalCredit>0.00</totalCredit>
          <sbLine>
            <nr>1</nr>
            <jrnID>JAAREIND-BAL</jrnID>
            <trNr>36</trNr>
            <trLineNr>20</trLineNr>
            <desc>Jaarafsluiting 2015</desc>
            <amnt>57229.00</amnt>
            <amntTp>D</amntTp>
            <docRef>36</docRef>
            <custSupID>1005</custSupID>
            <mutTp>Z</mutTp>
          </sbLine>
        </subledger>
        <subledger>
          <sbType>CU</sbType>
          <sbDesc>A/R</sbDesc>
          <linesCount>1</linesCount>
          <totalDebit>49546.00</totalDebit>
          <totalCredit>0.00</totalCredit>
          <sbLine>
            <nr>1</nr>
            <jrnID>JAAREIND-BAL</jrnID>
            <trNr>36</trNr>
            <trLineNr>21</trLineNr>
            <desc>Jaarafsluiting 2015</desc>
            <amnt>49546.00</amnt>
            <amntTp>D</amntTp>
            <docRef>36</docRef>
            <custSupID>1006</custSupID>
            <mutTp>Z</mutTp>
          </sbLine>
        </subledger>
        <subledger>
          <sbType>CU</sbType>
          <sbDesc>A/R</sbDesc>
          <linesCount>1</linesCount>
          <totalDebit>52140.00</totalDebit>
          <totalCredit>0.00</totalCredit>
          <sbLine>
            <nr>1</nr>
            <jrnID>JAAREIND-BAL</jrnID>
            <trNr>36</trNr>
            <trLineNr>22</trLineNr>
            <desc>Jaarafsluiting 2015</desc>
            <amnt>52140.00</amnt>
            <amntTp>D</amntTp>
            <docRef>36</docRef>
            <custSupID>1007</custSupID>
            <mutTp>Z</mutTp>
          </sbLine>
        </subledger>
        <subledger>
          <sbType>CU</sbType>
          <sbDesc>A/R</sbDesc>
          <linesCount>1</linesCount>
          <totalDebit>54393.00</totalDebit>
          <totalCredit>0.00</totalCredit>
          <sbLine>
            <nr>1</nr>
            <jrnID>JAAREIND-BAL</jrnID>
            <trNr>36</trNr>
            <trLineNr>23</trLineNr>
            <desc>Jaarafsluiting 2015</desc>
            <amnt>54393.00</amnt>
            <amntTp>D</amntTp>
            <docRef>36</docRef>
            <custSupID>1008</custSupID>
            <mutTp>Z</mutTp>
          </sbLine>
        </subledger>
        <subledger>
          <sbType>CU</sbType>
          <sbDesc>A/R</sbDesc>
          <linesCount>1</linesCount>
          <totalDebit>50002.00</totalDebit>
          <totalCredit>0.00</totalCredit>
          <sbLine>
            <nr>1</nr>
            <jrnID>JAAREIND-BAL</jrnID>
            <trNr>36</trNr>
            <trLineNr>24</trLineNr>
            <desc>Jaarafsluiting 2015</desc>
            <amnt>50002.00</amnt>
            <amntTp>D</amntTp>
            <docRef>36</docRef>
            <custSupID>1009</custSupID>
            <mutTp>Z</mutTp>
          </sbLine>
        </subledger>
        <subledger>
          <sbType>CU</sbType>
          <sbDesc>A/R</sbDesc>
          <linesCount>1</linesCount>
          <totalDebit>46077.00</totalDebit>
          <totalCredit>0.00</totalCredit>
          <sbLine>
            <nr>1</nr>
            <jrnID>JAAREIND-BAL</jrnID>
            <trNr>36</trNr>
            <trLineNr>25</trLineNr>
            <desc>Jaarafsluiting 2015</desc>
            <amnt>46077.00</amnt>
            <amntTp>D</amntTp>
            <docRef>36</docRef>
            <custSupID>1010</custSupID>
            <mutTp>Z</mutTp>
          </sbLine>
        </subledger>
        <subledger>
          <sbType>CU</sbType>
          <sbDesc>A/R</sbDesc>
          <linesCount>1</linesCount>
          <totalDebit>67906.00</totalDebit>
          <totalCredit>0.00</totalCredit>
          <sbLine>
            <nr>1</nr>
            <jrnID>JAAREIND-BAL</jrnID>
            <trNr>36</trNr>
            <trLineNr>26</trLineNr>
            <desc>Jaarafsluiting 2015</desc>
            <amnt>67906.00</amnt>
            <amntTp>D</amntTp>
            <docRef>36</docRef>
            <custSupID>1011</custSupID>
            <mutTp>Z</mutTp>
          </sbLine>
        </subledger>
        <subledger>
          <sbType>CU</sbType>
          <sbDesc>A/R</sbDesc>
          <linesCount>1</linesCount>
          <totalDebit>26179.00</totalDebit>
          <totalCredit>0.00</totalCredit>
          <sbLine>
            <nr>1</nr>
            <jrnID>JAAREIND-BAL</jrnID>
            <trNr>36</trNr>
            <trLineNr>27</trLineNr>
            <desc>Jaarafsluiting 2015</desc>
            <amnt>26179.00</amnt>
            <amntTp>D</amntTp>
            <docRef>36</docRef>
            <custSupID>1012</custSupID>
            <mutTp>Z</mutTp>
          </sbLine>
        </subledger>
        <subledger>
          <sbType>CU</sbType>
          <sbDesc>A/R</sbDesc>
          <linesCount>1</linesCount>
          <totalDebit>111858.30</totalDebit>
          <totalCredit>0.00</totalCredit>
          <sbLine>
            <nr>1</nr>
            <jrnID>JAAREIND-BAL</jrnID>
            <trNr>36</trNr>
            <trLineNr>28</trLineNr>
            <desc>Jaarafsluiting 2015</desc>
            <amnt>111858.30</amnt>
            <amntTp>D</amntTp>
            <docRef>36</docRef>
            <custSupID>1013</custSupID>
            <mutTp>Z</mutTp>
          </sbLine>
        </subledger>
        <subledger>
          <sbType>CU</sbType>
          <sbDesc>A/R</sbDesc>
          <linesCount>1</linesCount>
          <totalDebit>35083.75</totalDebit>
          <totalCredit>0.00</totalCredit>
          <sbLine>
            <nr>1</nr>
            <jrnID>JAAREIND-BAL</jrnID>
            <trNr>36</trNr>
            <trLineNr>29</trLineNr>
            <desc>Jaarafsluiting 2015</desc>
            <amnt>35083.75</amnt>
            <amntTp>D</amntTp>
            <docRef>36</docRef>
            <custSupID>1014</custSupID>
            <mutTp>Z</mutTp>
          </sbLine>
        </subledger>
        <subledger>
          <sbType>CU</sbType>
          <sbDesc>A/R</sbDesc>
          <linesCount>1</linesCount>
          <totalDebit>40895.00</totalDebit>
          <totalCredit>0.00</totalCredit>
          <sbLine>
            <nr>1</nr>
            <jrnID>JAAREIND-BAL</jrnID>
            <trNr>36</trNr>
            <trLineNr>30</trLineNr>
            <desc>Jaarafsluiting 2015</desc>
            <amnt>40895.00</amnt>
            <amntTp>D</amntTp>
            <docRef>36</docRef>
            <custSupID>1015</custSupID>
            <mutTp>Z</mutTp>
          </sbLine>
        </subledger>
        <subledger>
          <sbType>CU</sbType>
          <sbDesc>A/R</sbDesc>
          <linesCount>1</linesCount>
          <totalDebit>19108.00</totalDebit>
          <totalCredit>0.00</totalCredit>
          <sbLine>
            <nr>1</nr>
            <jrnID>JAAREIND-BAL</jrnID>
            <trNr>36</trNr>
            <trLineNr>31</trLineNr>
            <desc>Jaarafsluiting 2015</desc>
            <amnt>19108.00</amnt>
            <amntTp>D</amntTp>
            <docRef>36</docRef>
            <custSupID>1016</custSupID>
            <mutTp>Z</mutTp>
          </sbLine>
        </subledger>
        <subledger>
          <sbType>CU</sbType>
          <sbDesc>A/R</sbDesc>
          <linesCount>1</linesCount>
          <totalDebit>28099.00</totalDebit>
          <totalCredit>0.00</totalCredit>
          <sbLine>
            <nr>1</nr>
            <jrnID>JAAREIND-BAL</jrnID>
            <trNr>36</trNr>
            <trLineNr>32</trLineNr>
            <desc>Jaarafsluiting 2015</desc>
            <amnt>28099.00</amnt>
            <amntTp>D</amntTp>
            <docRef>36</docRef>
            <custSupID>1017</custSupID>
            <mutTp>Z</mutTp>
          </sbLine>
        </subledger>
        <subledger>
          <sbType>CU</sbType>
          <sbDesc>A/R</sbDesc>
          <linesCount>1</linesCount>
          <totalDebit>6546.10</totalDebit>
          <totalCredit>0.00</totalCredit>
          <sbLine>
            <nr>1</nr>
            <jrnID>JAAREIND-BAL</jrnID>
            <trNr>36</trNr>
            <trLineNr>33</trLineNr>
            <desc>Jaarafsluiting 2015</desc>
            <amnt>6546.10</amnt>
            <amntTp>D</amntTp>
            <docRef>36</docRef>
            <custSupID>1018</custSupID>
            <mutTp>Z</mutTp>
          </sbLine>
        </subledger>
        <subledger>
          <sbType>CU</sbType>
          <sbDesc>A/R</sbDesc>
          <linesCount>1</linesCount>
          <totalDebit>14364.00</totalDebit>
          <totalCredit>0.00</totalCredit>
          <sbLine>
            <nr>1</nr>
            <jrnID>JAAREIND-BAL</jrnID>
            <trNr>36</trNr>
            <trLineNr>34</trLineNr>
            <desc>Jaarafsluiting 2015</desc>
            <amnt>14364.00</amnt>
            <amntTp>D</amntTp>
            <docRef>36</docRef>
            <custSupID>1020</custSupID>
            <mutTp>Z</mutTp>
          </sbLine>
        </subledger>
        <subledger>
          <sbType>CU</sbType>
          <sbDesc>A/R</sbDesc>
          <linesCount>1</linesCount>
          <totalDebit>0.00</totalDebit>
          <totalCredit>395.00</totalCredit>
          <sbLine>
            <nr>1</nr>
            <jrnID>JAAREIND-BAL</jrnID>
            <trNr>36</trNr>
            <trLineNr>35</trLineNr>
            <desc>Jaarafsluiting 2015</desc>
            <amnt>395.00</amnt>
            <amntTp>C</amntTp>
            <docRef>36</docRef>
            <custSupID>1021</custSupID>
            <mutTp>Z</mutTp>
          </sbLine>
        </subledger>
        <subledger>
          <sbType>CU</sbType>
          <sbDesc>A/R</sbDesc>
          <linesCount>1</linesCount>
          <totalDebit>15524.00</totalDebit>
          <totalCredit>0.00</totalCredit>
          <sbLine>
            <nr>1</nr>
            <jrnID>JAAREIND-BAL</jrnID>
            <trNr>36</trNr>
            <trLineNr>36</trLineNr>
            <desc>Jaarafsluiting 2015</desc>
            <amnt>15524.00</amnt>
            <amntTp>D</amntTp>
            <docRef>36</docRef>
            <custSupID>1022</custSupID>
            <mutTp>Z</mutTp>
          </sbLine>
        </subledger>
        <subledger>
          <sbType>CU</sbType>
          <sbDesc>A/R</sbDesc>
          <linesCount>1</linesCount>
          <totalDebit>11657.29</totalDebit>
          <totalCredit>0.00</totalCredit>
          <sbLine>
            <nr>1</nr>
            <jrnID>JAAREIND-BAL</jrnID>
            <trNr>36</trNr>
            <trLineNr>37</trLineNr>
            <desc>Jaarafsluiting 2015</desc>
            <amnt>11657.29</amnt>
            <amntTp>D</amntTp>
            <docRef>36</docRef>
            <custSupID>1025</custSupID>
            <mutTp>Z</mutTp>
          </sbLine>
        </subledger>
        <subledger>
          <sbType>CU</sbType>
          <sbDesc>A/R</sbDesc>
          <linesCount>1</linesCount>
          <totalDebit>0.00</totalDebit>
          <totalCredit>5000.00</totalCredit>
          <sbLine>
            <nr>1</nr>
            <jrnID>JAAREIND-BAL</jrnID>
            <trNr>36</trNr>
            <trLineNr>38</trLineNr>
            <desc>Jaarafsluiting 2015</desc>
            <amnt>5000.00</amnt>
            <amntTp>C</amntTp>
            <docRef>36</docRef>
            <custSupID>1026</custSupID>
            <mutTp>Z</mutTp>
          </sbLine>
        </subledger>
        <subledger>
          <sbType>CU</sbType>
          <sbDesc>A/R</sbDesc>
          <linesCount>1</linesCount>
          <totalDebit>0.00</totalDebit>
          <totalCredit>2000.00</totalCredit>
          <sbLine>
            <nr>1</nr>
            <jrnID>KAS</jrnID>
            <trNr>201600001</trNr>
            <trLineNr>2</trLineNr>
            <amnt>2000.00</amnt>
            <amntTp>C</amntTp>
            <docRef>201600001</docRef>
            <custSupID>1002</custSupID>
            <mutTp>P</mutTp>
          </sbLine>
        </subledger>
        <subledger>
          <sbType>SU</sbType>
          <sbDesc>A/P</sbDesc>
          <linesCount>1</linesCount>
          <totalDebit>10000.00</totalDebit>
          <totalCredit>0.00</totalCredit>
          <sbLine>
            <nr>1</nr>
            <jrnID>MEMO</jrnID>
            <trNr>201600001</trNr>
            <trLineNr>1</trLineNr>
            <desc>test boeking memo op crediteuren</desc>
            <amnt>10000.00</amnt>
            <amntTp>D</amntTp>
            <docRef>201600001</docRef>
            <custSupID>2002</custSupID>
            <mutTp>Z</mutTp>
          </sbLine>
        </subledger>
        <subledger>
          <sbType>CU</sbType>
          <sbDesc>A/R</sbDesc>
          <linesCount>1</linesCount>
          <totalDebit>16000.00</totalDebit>
          <totalCredit>0.00</totalCredit>
          <sbLine>
            <nr>1</nr>
            <jrnID>VRK</jrnID>
            <trNr>201600003</trNr>
            <trLineNr>1</trLineNr>
            <amnt>16000.00</amnt>
            <amntTp>D</amntTp>
            <docRef>201600003</docRef>
            <custSupID>1007</custSupID>
            <invRef>80802106</invRef>
            <invPurSalTp>S</invPurSalTp>
            <invTp>D</invTp>
            <invDt>2016-06-06</invDt>
            <invDueDt>2016-06-16</invDueDt>
            <mutTp>I</mutTp>
            <currency>
              <curCode>USD</curCode>
              <curAmnt>20000.00</curAmnt>
            </currency>
          </sbLine>
        </subledger>
        <subledger>
          <sbType>CU</sbType>
          <sbDesc>A/R</sbDesc>
          <linesCount>2</linesCount>
          <totalDebit>1612.00</totalDebit>
          <totalCredit>0.00</totalCredit>
          <sbLine>
            <nr>1</nr>
            <jrnID>VRK</jrnID>
            <trNr>201600001</trNr>
            <trLineNr>1</trLineNr>
            <amnt>403.00</amnt>
            <amntTp>D</amntTp>
            <docRef>201600001</docRef>
            <custSupID>1020</custSupID>
            <invRef>2016-0001</invRef>
            <invPurSalTp>S</invPurSalTp>
            <invTp>D</invTp>
            <invDt>2016-03-31</invDt>
            <invDueDt>2016-04-14</invDueDt>
            <mutTp>I</mutTp>
          </sbLine>
          <sbLine>
            <nr>2</nr>
            <jrnID>VRK</jrnID>
            <trNr>201600002</trNr>
            <trLineNr>1</trLineNr>
            <amnt>1209.00</amnt>
            <amntTp>D</amntTp>
            <docRef>201600002</docRef>
            <custSupID>1020</custSupID>
            <invRef>2016-0002</invRef>
            <invPurSalTp>S</invPurSalTp>
            <invTp>D</invTp>
            <invDt>2016-03-31</invDt>
            <invDueDt>2016-04-14</invDueDt>
            <mutTp>I</mutTp>
          </sbLine>
        </subledger>
      </subledgers>
    </transactions>
  </company>
</auditfile>
