<?xml version="1.0" encoding="UTF-8"?><!--Sample XML file generated by XMLSPY v2004 rel. 4 U (http://www.xmlspy.com)--><auditfile xmlns="http://www.auditfiles.nl/XAF/3.2" xmlns:xsi="http://www.w3.org/2001/XMLSchema-instance" xsi:schemaLocation="http://www.auditfiles.nl/XAF/3.2C:\XAF\201404~1\XmlAuditfileFinancieel3.2.xsd">	<header>		<fiscalYear>String</fiscalYear>		<startDate>1967-08-13</startDate>		<endDate>1967-08-13</endDate>		<curCode>AED</curCode>		<dateCreated>1967-08-13</dateCreated>		<softwareDesc>String</softwareDesc>		<softwareVersion>String</softwareVersion>	</header>	<company>		<companyIdent>String</companyIdent>		<companyName>String</companyName>		<taxRegistrationCountry>AD</taxRegistrationCountry>		<taxRegIdent>String</taxRegIdent>		<streetAddress>			<streetname>String</streetname>			<number>String</number>			<numberExtension>String</numberExtension>			<property>String</property>			<city>String</city>			<postalCode>String</postalCode>			<region>String</region>			<country>AD</country>		</streetAddress>		<postalAddress>			<streetname>String</streetname>			<number>String</number>			<numberExtension>String</numberExtension>			<property>String</property>			<city>String</city>			<postalCode>String</postalCode>			<region>String</region>			<country>AD</country>		</postalAddress>		<customersSuppliers>			<customerSupplier>				<custSupID>String</custSupID>				<custSupName>String</custSupName>				<contact>String</contact>				<telephone>String</telephone>				<fax>String</fax>				<eMail>token</eMail>				<website>token</website>				<commerceNr>String</commerceNr>				<taxRegistrationCountry>AD</taxRegistrationCountry>				<taxRegIdent>String</taxRegIdent>				<relationshipID>String</relationshipID>				<custSupTp>B</custSupTp>				<custSupGrpID>String</custSupGrpID>				<custCreditLimit>3.14</custCreditLimit>				<supplierLimit>3.14</supplierLimit>				<streetAddress>					<streetname>String</streetname>					<number>String</number>					<numberExtension>String</numberExtension>					<property>String</property>					<city>String</city>					<postalCode>String</postalCode>					<region>String</region>					<country>AD</country>				</streetAddress>				<postalAddress>					<streetname>String</streetname>					<number>String</number>					<numberExtension>String</numberExtension>					<property>String</property>					<city>String</city>					<postalCode>String</postalCode>					<region>String</region>					<country>AD</country>				</postalAddress>				<bankAccount>					<bankAccNr>String</bankAccNr>					<bankIdCd>String</bankIdCd>				</bankAccount>				<changeInfo>					<userID>String</userID>					<changeDateTime>2001-12-17T09:30:47-05:00</changeDateTime>					<changeDescription>String</changeDescription>				</changeInfo>				<customerSupplierHistory/>			</customerSupplier>		</customersSuppliers>		<generalLedger>			<ledgerAccount>				<accID>String</accID>				<accDesc>String</accDesc>				<accTp>B</accTp>				<leadCode>String</leadCode>				<leadDescription>String</leadDescription>				<leadReference>String</leadReference>				<leadCrossRef>String</leadCrossRef>				<taxonomy>					<taxoRef>String</taxoRef>					<entryPoint>						<entryPointRef>String</entryPointRef>						<conceptRef>String</conceptRef>						<domainMember>							<domainMemberRef>String</domainMemberRef>						</domainMember>					</entryPoint>				</taxonomy>				<changeInfo>					<userID>String</userID>					<changeDateTime>2001-12-17T09:30:47-05:00</changeDateTime>					<changeDescription>String</changeDescription>				</changeInfo>				<glAccountHistory>					<glAccount>						<accID>String</accID>						<accDesc>String</accDesc>						<accTp>B</accTp>						<leadCode>String</leadCode>						<leadDescription>String</leadDescription>						<leadReference>String</leadReference>						<leadCrossRef>String</leadCrossRef>						<changeInfo>							<userID>String</userID>							<changeDateTime>2001-12-17T09:30:47-05:00</changeDateTime>							<changeDescription>String</changeDescription>						</changeInfo>					</glAccount>				</glAccountHistory>			</ledgerAccount>			<basics>				<basic>					<basicType>02</basicType>					<basicID>String</basicID>					<basicDesc>String</basicDesc>				</basic>			</basics>		</generalLedger>		<vatCodes>			<vatCode>				<vatID>String</vatID>				<vatDesc>String</vatDesc>				<vatToPayAccID>String</vatToPayAccID>				<vatToClaimAccID>String</vatToClaimAccID>			</vatCode>		</vatCodes>		<periods>			<period>				<periodNumber>1</periodNumber>				<periodDesc>String</periodDesc>				<startDatePeriod>1967-08-13</startDatePeriod>				<startTimePeriod>14:20:00-05:00</startTimePeriod>				<endDatePeriod>1967-08-13</endDatePeriod>				<endTimePeriod>14:20:00-05:00</endTimePeriod>			</period>		</periods>		<openingBalance>			<opBalDate>1967-08-13</opBalDate>			<opBalDesc>String</opBalDesc>			<linesCount>1</linesCount>			<totalDebit>3.14</totalDebit>			<totalCredit>3.14</totalCredit>			<obLine>				<nr>String</nr>				<accID>String</accID>				<amnt>3.14</amnt>				<amntTp>C</amntTp>			</obLine>			<obSubledgers>				<obSubledger>					<sbType>CS</sbType>					<sbDesc>String</sbDesc>					<linesCount>1</linesCount>					<totalDebit>3.14</totalDebit>					<totalCredit>3.14</totalCredit>					<obSbLine>						<nr>String</nr>						<obLineNr>String</obLineNr>						<desc>String</desc>						<amnt>3.14</amnt>						<amntTp>C</amntTp>						<docRef>String</docRef>						<recRef>String</recRef>						<matchKeyID>String</matchKeyID>						<custSupID>String</custSupID>						<invRef>String</invRef>						<invPurSalTp>P</invPurSalTp>						<invTp>C</invTp>						<invDt>1967-08-13</invDt>						<invDueDt>1967-08-13</invDueDt>						<mutTp>I</mutTp>						<costID>String</costID>						<prodID>String</prodID>						<projID>String</projID>						<artGrpID>String</artGrpID>						<qntityID>String</qntityID>						<qntity>1</qntity>					</obSbLine>				</obSubledger>			</obSubledgers>		</openingBalance>		<transactions>			<linesCount>1</linesCount>			<totalDebit>3.14</totalDebit>			<totalCredit>3.14</totalCredit>			<journal>				<jrnID>String</jrnID>				<desc>String</desc>				<jrnTp>B</jrnTp>				<offsetAccID>String</offsetAccID>				<bankAccNr>String</bankAccNr>				<transaction>					<nr>String</nr>					<desc>String</desc>					<periodNumber>1</periodNumber>					<trDt>1967-08-13</trDt>					<amnt>3.14</amnt>					<amntTp>C</amntTp>					<sourceID>String</sourceID>					<userID>String</userID>					<trLine>						<nr>String</nr>						<accID>String</accID>						<docRef>String</docRef>						<effDate>1967-08-13</effDate>						<desc>String</desc>						<amnt>3.14</amnt>						<amntTp>C</amntTp>						<recRef>String</recRef>						<matchKeyID>String</matchKeyID>						<custSupID>String</custSupID>						<invRef>String</invRef>						<orderRef>String</orderRef>						<receivingDocRef>String</receivingDocRef>						<shipDocRef>String</shipDocRef>						<costID>String</costID>						<prodID>String</prodID>						<projID>String</projID>						<artGrpID>String</artGrpID>						<workCostArrRef>String</workCostArrRef>						<qntityID>String</qntityID>						<qntity>1</qntity>						<bankAccNr>String</bankAccNr>						<bankIdCd>String</bankIdCd>						<vat>							<vatID>String</vatID>							<vatPerc>0</vatPerc>							<vatAmnt>3.1</vatAmnt>							<vatAmntTp>C</vatAmntTp>						</vat>						<currency>							<curCode>AED</curCode>							<curAmnt>3.14</curAmnt>						</currency>					</trLine>				</transaction>			</journal>			<subledgers>				<subledger>					<sbType>CS</sbType>					<sbDesc>String</sbDesc>					<linesCount>1</linesCount>					<totalDebit>3.14</totalDebit>					<totalCredit>3.14</totalCredit>					<sbLine>						<nr>String</nr>						<jrnID>String</jrnID>						<trNr>String</trNr>						<trLineNr>String</trLineNr>						<desc>String</desc>						<amnt>3.14</amnt>						<amntTp>C</amntTp>						<docRef>String</docRef>						<recRef>String</recRef>						<matchKeyID>String</matchKeyID>						<custSupID>String</custSupID>						<invRef>String</invRef>						<invPurSalTp>P</invPurSalTp>						<invTp>C</invTp>						<invDt>1967-08-13</invDt>						<invDueDt>1967-08-13</invDueDt>						<mutTp>I</mutTp>						<costID>String</costID>						<prodID>String</prodID>						<projID>String</projID>						<artGrpID>String</artGrpID>						<qntityID>String</qntityID>						<qntity>1</qntity>						<vat>							<vatID>String</vatID>							<vatPerc>0</vatPerc>							<vatAmnt>3.14</vatAmnt>							<vatAmntTp>C</vatAmntTp>						</vat>						<currency>							<curCode>AED</curCode>							<curAmnt>3.14</curAmnt>						</currency>					</sbLine>				</subledger>			</subledgers>		</transactions>	</company></auditfile>